2332 3978
255 307 362 361 390
937 304 1178 348 Caecilii
1211 302 1479 360 Cypriani

157 434 226 485 22
325 434 507 502 Adque
534 437 593 488 ut
622 436 796 503 pigros
823 436 875 488 et
901 435 1102 487 steriles
1130 436 1183 487 01
1210 431 1497 499 cupiditate
1523 431 1816 485 nummaria
1848 431 1982 485 nihil
2009 432 2141 486 circa

258 522 481 574 fructum
521 521 703 574 salutis
750 521 1016 589 operantes
1061 519 1229 588 magis
1270 518 1485 585 pudeat,
1526 519 1585 570 ut
1621 517 1740 585 plus
1776 518 2140 572 conscientiam

256 607 514 660 sordidam
552 606 811 660 dedecoris
856 622 915 660 ac
959 604 1300 673 turpitudinis
1347 619 1467 657 suae
1512 603 1667 656 rubor
1713 604 1929 669 caedat,
1986 607 2140 672 ponat

254 693 600 760 unusquisque
644 694 762 746 ante
801 693 971 746 oculos
1018 706 1134 745 suos
1181 690 1445 743 diabolum
1498 705 1618 742 cum
1660 690 1823 743 seruis
1849 691 1956 745 suis
1982 691 2037 744 id
2064 694 2140 745 est

256 796 373 831 cum
415 779 601 846 populo
647 778 952 846 perditionis
990 794 1049 830 ac
1087 777 1268 829 mortis
1294 777 1347 828 in
1373 775 1607 828 medium
1632 777 1895 843 prosilire,
1937 777 2139 845 plebem
2179 796 2197 826 ε,

256 865 447 917 Christi
473 867 737 932 praesente
763 867 815 918 et
841 865 1101 929 iudicante
1128 864 1239 931 ipso
1267 862 1666 930 comparationis
1695 864 1925 917 examine
1952 878 2138 931 prouo-

256 967 369 1004 care
396 952 678 1004 dicentem:
718 945 826 1019 ‘ego
871 966 961 1018 pro
1004 950 1121 1001 istis
1167 964 1291 1016 quos
1328 964 1532 1001 mecum
1558 949 1705 1003 uides
1732 966 1825 1003 nec
1852 950 2028 1018 alapas
2055 967 2141 1004 30-

255 1038 365 1104 cepi
400 1053 490 1090 nec
523 1037 728 1106 flagella
755 1036 977 1088 sustinui
1005 1052 1096 1088 1100
1123 1050 1324 1089 crucem
1351 1034 1546 1101 pertuli
1573 1051 1665 1088 nec
1692 1036 2000 1105 sanguinem
2026 1036 2139 1089 fudi

251 1139 342 1176 nec
367 1122 621 1176 familiam
659 1139 828 1175 meam
866 1122 1031 1189 pretio
1069 1121 1319 1188 passionis
1358 1123 1410 1173 et
1449 1121 1642 1174 cruoris
1669 1122 1890 1186 redemi,
1933 1123 2020 1175 sed
2046 1138 2138 1176 nec

251 1225 466 1277 regnum
494 1209 600 1260 illis
628 1209 843 1261 caeleste
869 1208 1114 1276 promitto
1140 1224 1232 1261 nec
1252 1208 1317 1260 ad
1337 1207 1632 1275 paradisum
1655 1209 1899 1261 restituta
1923 1209 2137 1262 immor·
2156 1224 2194 1255 10

253 1295 457 1347 talitate
505 1295 665 1347 denuo
711 1309 916 1347 reuoco:
959 1296 1009 1346 et
1055 1310 1268 1346 munera
1312 1294 1444 1346 mihi
1489 1311 1643 1362 quam
1696 1295 1942 1363 pretiosa,
1984 1311 2137 1363 quam

257 1381 493 1450 grandia,
533 1397 686 1448 quam
712 1381 873 1432 nimio
920 1382 971 1433 et
1017 1382 1169 1449 longo
1215 1380 1389 1432 labore
1415 1382 1649 1447 quaesita
1671 1382 2137 1449 sumptuosissimis

253 1468 580 1534 apparatibus
621 1469 897 1533 conparant
942 1467 1092 1518 rebus
1139 1468 1244 1519 suis
1280 1467 1364 1518 uel
1392 1467 1635 1536 obligatis
1662 1469 1716 1520 in
1741 1469 1969 1521 muneris
1997 1482 2136 1521 com-

252 1554 570 1619 parationem
597 1554 682 1606 uel
707 1553 959 1605 uenditis:
1000 1569 1059 1605 ac
1084 1554 1186 1606 nisi
1214 1554 1372 1606 editio
1400 1554 1613 1607 honesta
1640 1556 1974 1619 successerit,
2017 1571 2136 1609 con-

251 1641 399 1693 uiciis
426 1657 482 1693 ac
510 1641 676 1693 sibilis
704 1641 960 1694 eiciuntur
987 1642 1038 1693 et
1064 1641 1233 1694 furore
1280 1641 1515 1708 populari
1555 1657 1941 1710 nonnumquam
1980 1659 2136 1710 paene
2153 1662 2193 1693 15

252 1727 561 1794 lapidantur.
614 1729 729 1779 tuos
772 1728 901 1779 tales
947 1728 1291 1790 munerarios,
1352 1726 1578 1793 Christe,
1642 1730 1962 1795 demonstra,
2018 1727 2135 1782 illos

253 1813 465 1876 diuites,
494 1813 610 1865 illos
639 1814 853 1880 copiosis
880 1813 1061 1881 opibus
1089 1813 1360 1876 afluentes,
1400 1830 1463 1866 an
1491 1815 1545 1866 in
1573 1815 1789 1868 ecclesia
1815 1816 2135 1883 praesidente

253 1902 303 1950 et
330 1900 587 1965 spectante
613 1901 664 1952 te
694 1900 943 1952 eiusmodi
970 1916 1160 1952 munus
1206 1901 1362 1952 edant
1408 1900 1762 1969 obpigneratis
1801 1902 1886 1954 uel
1914 1903 2134 1956 distrac-

250 1985 319 2036 tis
358 1986 505 2037 rebus
546 1986 677 2047 31113,
730 1986 888 2037 11111110
928 1986 992 2038 311
1032 1987 1275 2039 030103103
1315 1986 1582 2039 thesauros
1620 1989 1826 2041 mutata
1862 1989 1916 2041 in
1943 1990 2132 2042 melius

255 2071 562 2138 possessione
609 2073 888 2126 translatis.
940 2074 991 2125 in
1038 2074 1151 2125 istis
1197 2074 1495 2126 muneribus
1539 2075 1668 2127 meis
1717 2076 1922 2128 caducis
1968 2078 2133 2144 adque
2151 2094 2188 2126 20

250 2158 466 2210 terrenis
492 2174 640 2210 nemo
667 2159 919 2225 pascitur,
963 2175 1111 2212 nemo
1140 2160 1385 2224 uestitur,
1436 2176 1584 2213 nemo
1630 2161 1732 2213 cibi
1779 2162 2001 2216 alicuius
2042 2166 2131 2216 aut

250 2244 399 2309 potus
445 2244 627 2296 solacio
673 2245 973 2298 sustinetur.
1033 2247 1214 2298 cuncta
1252 2246 1386 2299 inter
1424 2246 1648 2299 furorem
1688 2248 1884 2300 edentis
1913 2251 1964 2302 et
1991 2265 2134 2318 spec-

251 2330 410 2381 tantis
438 2345 656 2382 errorem
682 2331 897 2399 prodiga
937 2333 986 2383 et
1027 2333 1190 2384 stulta
1230 2333 1560 2399 uoluptatum
1587 2333 1954 2387 frustrantium
1982 2337 2131 2389 uani-

252 2416 357 2468 tate
384 2416 675 2483 depereunt.
718 2417 827 2468 illic
855 2418 907 2469 in
934 2419 1242 2484 pauperibus
1270 2419 1375 2471 tuis
1402 2420 1460 2471 tu
1489 2419 1697 2472 uestiris
1726 2421 1777 2473 et
1803 2423 2043 2487 pasceris,
2074 2425 2132 2475 tu

251 2503 510 2553 aeternam
542 2503 704 2555 uitam
733 2504 1061 2569 operantibus
1088 2505 1372 2572 polliceris:
1415 2509 1465 2559 et
1504 2506 1591 2558 uix
1630 2507 1707 2559 tui
1749 2509 1877 2560 meis
1915 2510 2189 2576 perden-25

252 2589 390 2641 tibus
430 2591 778 2656 adaequantur
819 2590 905 2657 qui
934 2610 961 2639 a
999 2592 1050 2642 te
1089 2591 1282 2644 diuinis
1322 2593 1641 2645 mercedibus
1671 2594 1721 2645 et
1748 2595 1991 2660 praemiis
2019 2611 2133 2648 cae-

251 2673 466 2726 lestibus
494 2672 830 2729 honorantur?

346 2889 362 2931 l
403 2888 651 2932 numeraria
677 2890 715 2931 G
804 2891 830 2932 2
862 2893 1093 2946 operantes
1121 2893 1173 2934 W
1186 2894 1254 2934 tes
1277 2906 1392 2936 corr.
1485 2895 1512 2935 3
1543 2894 1677 2936 robur
1699 2893 1748 2935 1¹v
1850 2894 1877 2935 4
1909 2896 2013 2936 ante
2035 2907 2134 2937 oeu-

252 2960 315 3001 los
337 2972 436 3001 suos
459 2961 523 3004 W*
539 2974 570 3003 s.
591 2961 619 3003 l.
641 2975 695 3004 m.
717 2964 748 3003 2
861 2962 955 3005 31113
977 2963 1118 3006 3011113
1150 2964 1253 3007 WG
1275 2968 1316 3008 et
1337 2965 1532 3021 Auyust.
1559 2969 1723 3008 contra
1743 2964 1864 3008 duas
1885 2965 2012 3020 epist.
2037 2966 2132 3009 Pel.

256 3030 337 3081 IV,
359 3034 401 3081 8,
420 3034 476 3074 21
564 3034 590 3073 ι’)
611 3032 736 3086 plebe
759 3034 933 3089 aliquot
949 3034 1075 3077 codd.
1096 3035 1294 3091 Auyust.
1387 3037 1414 3079 6
1445 3035 1591 3092 ipsum
1609 3036 1672 3080 W
1758 3037 1784 3079 9
1806 3035 1966 3079 redimi
1987 3037 2046 3079 G'-¹

251 3101 325 3144 sed
343 3116 424 3144 om.
447 3103 486 3145 G
575 3104 623 3146 11
650 3104 763 3147 mihi
782 3106 879 3149 Ws.
899 3105 927 3148 l.
950 3120 1006 3149 m.
1024 3109 1054 3149 2
1142 3107 1196 3149 13
1228 3107 1556 3163 comparatione
1582 3107 1670 3156 Gr,
1704 3106 1982 3163 obligatione
2000 3109 2054 3150 W

256 3175 306 3216 14
329 3175 541 3218 acceserit
569 3175 610 3217 G
698 3176 751 3219 16
777 3175 1032 3232 lapidentur
1060 3178 1096 3220 G
1110 3182 1117 3204 ¹
1216 3177 1488 3235 demonstra]
1513 3178 1620 3222 add.
1644 3179 1902 3223 Manutius
1919 3180 1996 3234 (ecc
2014 3178 2132 3234 W).-

253 3245 496 3301 praeceptis
527 3246 619 3288 tuis
650 3247 839 3290 monitos
870 3249 915 3290 et
944 3261 1023 3303 pro
1055 3249 1244 3292 terrenis
1276 3250 1489 3293 caelestia
1519 3251 1767 3306 recepturos
1947 3250 1999 3293 17
2031 3250 2136 3293 illos

255 3318 291 3359 G
322 3330 354 3359 s.
382 3318 408 3360 1.
432 3332 487 3361 m.
515 3322 547 3361 2
663 3320 894 3363 affluentes
928 3320 1015 3365 Wv
1161 3335 1263 3366 anat*
1292 3321 1332 3365 G
1478 3323 1534 3366 18
1564 3322 1626 3378 10]
1656 3323 1708 3365 111
1736 3322 1776 3364 G
1922 3322 2135 3378 oppigno-

251 3388 360 3430 ratis
381 3403 407 3432 υ
524 3391 579 3433 19
608 3390 872 3435 thensauros
899 3392 979 3436 W²
1114 3392 1172 3436 20
1202 3394 1417 3437 tranlatis
1442 3395 1483 3437 G
1598 3394 1655 3437 22
1687 3394 1962 3437 sustentetur
1987 3394 2048 3437 Οἳ

250 3458 306 3501 23
340 3459 669 3518 frustrantium]
700 3462 1024 3518 prostrantium
1055 3464 1105 3507 F
1246 3465 1303 3507 25
1333 3464 1622 3521 perdentibus
1650 3465 1907 3517 FUVGV,
1947 3478 2132 3521 pereun-

246 3529 369 3573 tibus
392 3531 491 3575 F'1r
