2332 3978
297 315 402 370 346
973 311 1214 358 Caecilii
1244 313 1514 371 Cypriani

301 447 486 501 timore
527 444 815 514 perstantes
856 443 1140 514 imaginem
1184 443 1383 498 bestiae
1424 459 1527 497 non
1569 442 1898 498 adorauerint
1937 459 2101 512 neque
2126 443 2193 498 ad
2283 506 2285 511 η

299 532 505 586 funesta
531 531 639 585 eius
666 531 718 584 et
744 530 994 601 sacrilega
1019 529 1190 584 edicta
1216 529 1576 584 consenserint.

300 662 453 715 PLVS
492 674 600 714 NOS
639 674 920 713 ACCIPERE
957 675 1023 713 IN
1061 672 1350 712 PASSIONIS
1386 671 1658 711 MERCEDE
1694 673 1855 722 QVAM
1900 673 2056 724 QVOD
2092 674 2192 714 HIC
2269 667 2301 695 .·

776 759 1130 800 SVSTINEMVS
1167 761 1230 799 IN
1266 758 1394 798 IPSA
1432 759 1718 799 PASSIONE.
2295 753 2301 760 ’

221 859 283 911 13
373 847 569 900 Probat
594 847 775 900 beatus
803 847 1063 915 apostolus
1083 846 1278 899 Paulus
1306 846 1394 913 qui
1421 845 1719 915 dignatione
1745 846 1924 900 diuina
1950 863 2114 915 usque
2139 847 2194 901 in
2231 862 2250 894 ⁵

302 935 519 989 tertium
559 934 759 987 caelum
797 933 961 1000 adque
999 933 1054 985 in
1090 933 1388 1000 paradisum
1415 935 1594 1000 raptus
1621 934 1825 988 audisse
1852 950 1905 988 se
1931 934 2192 988 inenarra-
2300 939 2307 948 ”

302 1021 432 1074 bilia
456 1022 704 1084 testatur,
744 1020 831 1088 qui
870 1020 1072 1072 oculata
1109 1019 1210 1071 fide
1249 1019 1423 1072 Iesum
1463 1018 1727 1073 Christum
1768 1020 1961 1074 uidisse
1999 1035 2052 1073 se
2080 1021 2193 1090 glo-

304 1107 470 1161 riatur
487 1148 499 1171 ,
540 1107 628 1175 qui
666 1107 721 1159 id
760 1106 894 1173 quod
931 1106 982 1158 et
1007 1105 1191 1159 didicit
1218 1106 1269 1158 et
1296 1105 1431 1158 uidit
1456 1106 1667 1159 maioris
1695 1106 2031 1160 conscientiae
2058 1106 2195 1160 ueri-

303 1195 412 1247 tate
455 1194 738 1262 profitetur.
796 1208 918 1245 non
957 1193 1130 1257 sunt,
1191 1192 1386 1260 inquit,
1449 1192 1815 1262 condignae
1853 1192 2193 1262 passiones
2313 1262 2317 1265 Α

304 1281 500 1334 huius
527 1280 837 1346 temporis
865 1279 939 1332 ad
967 1280 1512 1346 superuenturam
1540 1279 2010 1334 claritudinem
2037 1293 2252 1348 quae10
2316 1346 2319 1349 V

305 1366 678 1420 reuelabitu
694 1382 719 1416 r
757 1365 820 1417 in
860 1365 1058 1418 nobis.
1102 1366 1216 1433 quis
1244 1380 1363 1436 ergo
1390 1381 1489 1418 non
1515 1366 1753 1420 omnibus
1781 1367 1948 1420 modis
1970 1367 2195 1421 elaboret
2321 1358 2326 1362 ’

306 1454 370 1506 ad
417 1452 708 1505 claritatem
752 1453 955 1505 tantam
1001 1454 1292 1521 peruenire,
1333 1454 1391 1506 ut
1432 1454 1627 1507 amicus
1675 1454 1771 1506 Dei
1818 1454 1933 1519 fiat,
1975 1455 2034 1507 ut
2079 1470 2197 1508 cum

306 1539 508 1594 Christo
536 1538 719 1592 statim
745 1539 996 1607 gaudeat,
1038 1541 1096 1592 ut
1138 1541 1255 1607 post
1297 1541 1556 1593 tormenta
1599 1541 1650 1594 et
1696 1541 1949 1609 supplicia
1996 1543 2196 1594 terrena

305 1627 536 1696 praemia
577 1626 754 1678 diuina
798 1627 1090 1694 percipiat?
1130 1627 1172 1679 si
1218 1627 1477 1679 militibus
1525 1627 1871 1681 saecularibus
1913 1627 2196 1696 gloriosum

306 1715 383 1768 est
428 1714 487 1764 ut
530 1712 677 1765 hoste
724 1711 924 1765 deuicto
970 1714 1179 1766 redeant
1218 1714 1270 1767 in
1307 1715 1532 1781 patriam
1557 1715 1963 1783 triumphanteS,
2005 1716 2194 1782 quanto
2215 1733 2253 1764 15

305 1800 472 1868 potior
498 1799 548 1851 et
574 1799 739 1851 maior
765 1800 842 1851 est
868 1799 1035 1867 gloria
1061 1800 1199 1853 uicto
1227 1800 1431 1853 diabolo
1458 1801 1523 1853 ad
1549 1801 1845 1868 paradisum
1871 1801 2195 1869 triumphan-

306 1888 415 1940 tem
454 1886 619 1939 redire
660 1886 711 1937 et
748 1885 883 1937 unde
919 1885 1091 1939 Adam
1118 1889 1354 1955 peccator
1382 1887 1574 1940 eiectus
1602 1889 1679 1940 est
1704 1888 1831 1940 illue
1857 1889 2113 1954 prostrato
2140 1904 2196 1941 eo

309 1973 397 2040 qui
441 1974 558 2025 ante
605 1972 871 2038 deceperat
905 1974 1150 2040 trophaea
1185 1975 1420 2027 uictricia
1447 1976 1730 2041 reportare,
1772 1975 1950 2027 offerre
1977 1971 2196 2027 Domino

310 2059 725 2126 acceptissimum
773 2076 957 2112 munus
1002 2061 1355 2127 incorruptam
1399 2061 1580 2125 fidem,
1621 2062 1871 2114 uirtutem
1900 2062 2088 2114 mentis
2115 2061 2195 2113 in-

311 2148 592 2210 eolumem,
634 2147 841 2199 laudem
870 2147 1158 2200 deuotionis
1186 2148 1484 2212 inlustrem,
1527 2148 1766 2201 comitari
1794 2164 1906 2200 eum
1951 2164 2068 2201 eum
2107 2163 2195 2200 ue-
2213 2168 2253 2200 20

310 2233 420 2287 nire
449 2233 673 2302 coeperit
698 2234 986 2287 uindictam
1013 2235 1073 2287 de
1100 2235 1327 2287 inimicis
1355 2237 1678 2304 recepturus,
1719 2235 1870 2288 lateri
1911 2235 2019 2288 eius
2060 2234 2198 2287 adsi-

310 2321 442 2372 stere
484 2336 603 2373 cum
649 2321 839 2374 sederit
883 2322 1232 2386 iudicaturus,
1273 2323 1571 2375 coheredem
1599 2322 1792 2375 Christi
1819 2322 1958 2385 fieri,
2001 2321 2199 2390 angelis

312 2407 607 2473 coaequari,
649 2422 767 2459 cum
794 2408 1130 2474 patriarchiS,
1174 2425 1291 2461 cum
1319 2409 1586 2476 apostoliS,
1629 2425 1746 2461 cum
1784 2407 2046 2476 prophetis
2086 2422 2199 2460 cae-

309 2491 456 2545 lestis
482 2493 629 2561 regni
663 2494 979 2560 possessione
1026 2495 1226 2549 laetari.
1270 2496 1363 2549 has
1391 2495 1730 2564 cogitationes
1759 2510 1886 2562 quae
1914 2492 2198 2561 persecutio

310 2579 480 2647 potest
506 2579 734 2643 uincere,
775 2596 903 2647 quae
929 2582 1144 2649 possunt
1169 2583 1428 2635 tormenta
1455 2584 1732 2648 superare?
1772 2580 1925 2632 durat
1953 2579 2102 2632 fortis
2147 2580 2198 2631 et
2216 2599 2255 2631 25

311 2665 516 2718 stabilis
542 2665 797 2734 religiosis
823 2667 1252 2720 meditationibus
1279 2667 1496 2721 fundata
1523 2683 1667 2720 mens
1708 2668 1759 2720 et
1798 2666 2046 2720 aduersus
2088 2681 2198 2718 om-

483 2808 510 2850 9
542 2808 664 2851 Rom.
688 2808 727 2859 8,
753 2808 820 2851 18.

398 2937 426 2980 2
456 2935 577 2979 dicta
599 2936 643 2981 R
750 2939 1063 2980 consenserunt
1084 2937 1150 2990 R,
1181 2939 1451 2981 consenserit
1473 2937 1527 2981 S¹
1644 2938 1670 2980 3
1702 2951 1800 2992 cap.
1825 2949 2067 2980 emmeram
2087 2934 2202 2978 XIII

313 3008 420 3052 add.
440 3008 478 3052 S
489 3022 544 3051 m.
563 3021 649 3051 rec.
730 3008 974 3051 mercedem
993 3009 1047 3052 S¹
1134 3010 1162 3052 5
1183 3010 1408 3065 apostolos
1420 3008 1457 3052 S
1466 3013 1474 3035 ¹
1560 3010 1587 3052 6
1610 3022 1654 3052 se
1670 3021 1751 3052 om.
1765 3008 1809 3052 R
1887 3006 2202 3051 inenarrabilia

313 3081 448 3124 uerba
468 3094 516 3132 v,
548 3079 808 3123 inerrabilia
829 3094 870 3123 u.
895 3081 940 3124 R
1021 3081 1044 3123 7
1078 3081 1170 3137 qui]
1195 3082 1301 3137 quia
1322 3082 1387 3126 W
1460 3081 1636 3124 oculata
1660 3080 1877 3131 SWRV,
1899 3078 2073 3123 occulta
2092 3092 2118 3122 v

314 3153 455 3196 iesum
477 3151 709 3207 christum]
733 3137 838 3195 dsffn
859 3153 905 3197 R
1066 3154 1094 3196 8
1126 3154 1203 3209 qui
1225 3153 1272 3196 id
1294 3167 1350 3197 eoe
1374 3153 1481 3208 quid
1503 3152 1541 3196 S
1557 3167 1611 3196 m.
1630 3156 1660 3197 2
1805 3151 1916 3195 dicit
1940 3150 1978 3195 S
1985 3150 2111 3195 ¹WR

314 3225 476 3269 maiori
495 3239 522 3270 v
637 3224 664 3267 9
694 3223 913 3280 passionis
936 3224 974 3269 S
1087 3226 1142 3268 10
1172 3226 1427 3269 claritatem
1454 3224 1590 3270 WRv
1708 3225 1761 3267 11
1793 3223 1934 3267 modis
1956 3222 2008 3274 S,
2032 3221 2203 3265 uiribus

320 3299 456 3343 WRv
553 3297 606 3340 12
637 3296 890 3341 claritatem
911 3297 983 3341 dei
1003 3299 1179 3341 tantam
1203 3298 1261 3350 S,
1291 3299 1467 3341 tantam
1489 3297 1741 3341 claritatem
1758 3311 1783 3341 v
1891 3296 1972 3339 fiat
1992 3293 2063 3338 dei
2085 3293 2122 3337 S

316 3370 370 3414 15
392 3371 477 3427 est]
500 3371 546 3414 et
567 3369 612 3413 R
697 3369 1007 3414 triumfantem
1028 3370 1075 3415 R
1153 3371 1207 3414 16
1227 3370 1373 3426 potior
1394 3372 1440 3413 et
1460 3383 1542 3413 om.
1564 3369 1602 3413 S
1674 3369 2005 3423 triumphantes
2029 3365 2067 3411 S
2082 3364 2161 3410 sed
2183 3378 2203 3407 s

313 3456 347 3485 s.
371 3444 397 3487 l.
420 3457 477 3487 m.
499 3446 529 3487 2
633 3443 685 3486 17
709 3444 778 3486 est
798 3442 965 3486 eiectus
982 3441 1028 3485 R
1115 3441 1222 3485 illut
1244 3441 1282 3486 S
1288 3446 1297 3469 ¹
1396 3442 1450 3485 18
1469 3441 1686 3485 deiecerat
1707 3455 1734 3485 v
1821 3443 1974 3495 tropea
1998 3438 2089 3490 SR,
2112 3440 2203 3481 tro-

315 3515 385 3558 fea
406 3515 470 3560 W
612 3514 690 3558 deo
711 3514 784 3559 Rv
929 3513 984 3557 19
1015 3512 1147 3556 fidem
1168 3515 1215 3556 et
1234 3528 1261 3557 v
1410 3512 1576 3556 uirtute
1600 3513 1637 3557 S
1645 3517 1655 3540 ¹
1779 3512 1836 3555 20
1865 3509 1996 3554 laude
2016 3508 2204 3564 scripsit

325 3587 564 3632 Goldhorn
584 3590 800 3630 commate
814 3589 923 3641 post
943 3584 1179 3628 inlustrem
1199 3584 1378 3629 sublato
1466 3585 1521 3628 23
1543 3583 1783 3639 adaequari
1805 3582 1940 3627 WRv
2027 3580 2085 3624 24
2104 3592 2203 3636 pos-

320 3658 531 3702 sessionis
554 3658 608 3703 S¹
696 3658 753 3701 26
783 3657 1069 3702 meditationi
1091 3656 1145 3701 S¹
2308 3659 2326 3707 ἓ
