2332 3978
286 269 393 323 572

911 267 920 277 '
952 269 1198 339 Caecilii
1228 272 1492 331 Cypriani

284 413 502 465 quarum
529 400 821 469 exemplum
846 402 912 455 ad
937 416 1030 456 uos
1054 403 1338 468 transmisi,
1374 404 1589 475 legetis:
1625 406 1785 459 simul
1810 407 1936 475 quid
1960 407 2034 462 eis
2059 415 2155 478 ego
2231 395 2256 479 ’ζ

282 483 512 538 breuiter
532 485 744 539 interim
768 488 1133 557 rescripserim,
1160 488 1250 542 sed
1276 490 1328 542 et
1353 490 1529 557 quales
1555 488 1824 558 postea'ad
1844 493 2039 546 clerum
2063 493 2157 547 lit·

279 569 419 622 teras
444 570 650 624 fecerim
677 573 738 625 ut
763 573 892 627 scire
914 574 1150 641 possetis,
1185 575 1340 628 huius
1367 590 1566 644 quoque
1591 577 1666 630 rei
1693 579 1986 646 exemplum
2011 579 2158 632 uobis

279 655 418 708 misi.
455 658 589 724 quod
615 658 658 710 si
684 659 823 711 ultra
856 659 1123 713 temeritas
1160 675 1336 713 eorum
1361 677 1454 715 nec
1479 662 1609 715 meis
1634 678 1726 716 nec
1754 665 1938 718 uestris
1964 665 2158 718 litteris

280 756 548 808 conpressa
580 743 740 798 fuerit
763 761 856 799 nec
882 746 1109 799 consiliis
1138 747 1431 800 salubribus
1457 749 1907 818 optemperauerit‚
1947 767 2156 820 agemus
2172 774 2192 804 5
2244 737 2271 779 Ὗ

280 845 339 881 ea
375 845 503 896 quae
541 832 821 884 secundum
863 833 1195 901 euangelium
1235 833 1505 904 Dominus
1528 851 1679 904 agere
1719 836 1993 904 praecepit.
2039 838 2158 906 opto
2272 827 2275 830 ’

279 930 385 980 1108,
413 916 597 971 fratres
625 918 895 987 carissimi,
924 933 1123 986 semper
1150 920 1277 972 bene
1303 921 1490 973 ualere.
1518 922 1703 974 ualete.

613 1160 1305 1253 ’EPISTVLA
1364 1163 1788 1256 XXXVI.

280 1329 582 1374 CYPRIANO
633 1331 854 1375 PAPATI
902 1332 1270 1377 PRESBYTERI
1315 1334 1388 1377 ET
1433 1335 1726 1386 DIACONES
1776 1336 1977 1380 ROMAE
2023 1336 2159 1382 CON-

1030 1404 1342 1449 SISTENTES
1376 1405 1416 1450 S.
2175 1423 2218 1454 10

355 1574 482 1628 Cum
509 1577 922 1646 perlegissemus
961 1578 1141 1642 frater,
1179 1579 1381 1632 litteras
1407 1580 1523 1633 tuas
1550 1595 1676 1646 quas
1702 1595 1791 1647 per
1815 1579 2159 1632 Fortunatum

281 1664 693 1732 hypodiaconum
728 1665 960 1730 miseraS‚
997 1666 1201 1734 gemino
1229 1682 1407 1718 sumus
1435 1667 1604 1719 dolore
1631 1666 1858 1733 percussi
1886 1667 1938 1718 et
1964 1666 2157 1732 duplici

281 1764 509 1802 maerore
546 1750 758 1819 confusi,
798 1752 932 1818 quod
967 1768 1127 1818 neque
1164 1753 1264 1804 tibi
1298 1753 1496 1819 requies
1523 1754 1632 1805 ulla
1657 1753 1709 1804 in
1737 1752 1897 1804 tantis
1923 1768 2157 1818 persecu-

278 1835 433 1888 tionis
469 1837 858 1890 necessitatibus
888 1838 1174 1901 traderetur
1215 1839 1266 1892 et
1291 1839 1554 1905 lapsorum
1589 1838 1813 1891 fratrum
1838 1839 2155 1890 inmoderata

277 1922 565 1988 petulantia
591 1939 751 1989 usque
778 1923 842 1975 ad
867 1923 1206 1989 periculosam
1233 1925 1506 1977 uerborum
1533 1925 1880 1977 temeritatem
1905 1925 2154 1991 producta
2171 1951 2209 1981 15

279 2008 621 2060 denotaretur.
651 2010 738 2061 sed
765 2022 1079 2076 quamquam
1098 2025 1187 2062 nos
1210 2012 1363 2077 atque
1392 2011 1626 2063 animum
1651 2011 1883 2063 nostrum
1903 2011 2005 2063 ista
2026 2026 2154 2078 quae

281 2093 505 2145 diximus
534 2094 764 2162 grauiter
789 2094 1109 2162 adfligerent,
1148 2097 1321 2148 tamen
1348 2096 1590 2149 maeroris
1617 2097 1781 2148 nostri
1807 2098 1915 2148 tam
1942 2112 2155 2164 grauem

278 2179 533 2232 sarcinam
572 2180 722 2249 uigor
759 2182 881 2233 tuus
909 2182 960 2233 et
986 2182 1266 2235 secundum
1307 2183 1663 2252 euangelicam
1700 2183 2027 2251 disciplinam
2065 2183 2155 2235 ad-

363 2388 387 2430 1
412 2401 595 2443 quorum
618 2405 648 2445 μ
815 2389 870 2432 ad
892 2402 970 2432 uos
1003 2402 1085 2433 om.
1110 2392 1162 2445 μ1
1327 2390 1658 2433 transmisimus
1680 2403 1733 2442 w,
1763 2389 2040 2433 transmissis
2064 2406 2099 2444 φ

277 2460 498 2515 simulque
522 2475 585 2516 φυ
747 2474 826 2518 ego
850 2461 913 2504 eis
935 2476 961 2505 υ
1123 2462 1150 2505 2
1172 2461 1383 2518 breuiter]
1406 2462 1600 2505 libenter
1621 2480 1652 2519 μ
1803 2462 1985 2505 interim
2006 2461 2153 2517 rescr.]

276 2532 575 2575 intellexerim
597 2533 849 2589 scripserim
870 2547 909 2576 w
1039 2534 1169 2589 quale
1192 2548 1231 2576 w
1364 2534 1394 2576 4
1414 2535 1539 2577 misi*
1566 2536 1614 2586 Τ,
1637 2548 1718 2577 om.
1743 2534 1796 2590 μ1
1913 2532 2027 2589 quod
2050 2533 2088 2575 si
2110 2549 2154 2587 μ,

275 2603 314 2646 si
336 2617 428 2658 ww,
450 2618 531 2647 om.
560 2607 600 2647 T
729 2607 775 2648 te
795 2605 957 2648 merita
980 2622 1028 2661 φ,
1052 2606 1269 2649 demerita
1290 2620 1330 2649 w
1465 2607 1492 2648 5
1512 2619 1664 2662 pressa
1685 2605 1826 2648 fuerit
1849 2622 1894 2662 μ,
1917 2604 2155 2661 compressi

275 2675 446 2719 fuerint
467 2690 506 2720 w
671 2677 942 2721 salutaribus
967 2692 1044 2733 ‹pw
1211 2678 1615 2734 obtemperauerint
1636 2692 1687 2728 w,
1712 2678 2039 2733 obtemperaret
2062 2694 2096 2731 φ

276 2747 301 2789 7
324 2748 471 2790 ualete
502 2761 582 2792 om.
607 2762 694 2805 wu.
719 2775 772 2780 —
794 2749 998 2805 Epistola
1019 2750 1217 2806 Cipriani
1249 2750 1303 2793 ad
1334 2738 1464 2806 prsbr
1484 2752 1530 2793 et
1552 2736 1892 2793 diacffRomae
1914 2747 2155 2791 consisten-

276 2820 346 2862 tes
368 2819 551 2875 explicit
578 2822 626 2871 T,
650 2833 731 2864 om.
758 2834 882 2877 φωμ.
908 2847 962 2852 -

362 2892 505 2947 Epist.
524 2892 726 2935 XXXVI.
748 2917 801 2925 --
817 2893 987 2949 Incipit
1007 2893 1234 2948 rescriptis
1258 2893 1514 2949 presbiteris
1537 2895 1583 2936 et
1598 2892 1856 2936 diaconibus
1872 2891 2034 2934 Romae
2055 2903 2155 2934 con-

279 2964 544 3008 sistentibus
571 2967 619 3018 T,
649 2964 930 3020 Rescriptum
950 2978 1026 3020 per
1047 2964 1326 3020 presbyteros
1348 2966 1392 3008 et
1412 2965 1615 3008 diaconos
1636 2963 1693 3007 ad
1713 2963 1972 3020 Ciprianum
1993 2962 2156 3005 Romae

280 3037 572 3080 consistentes
592 3054 640 3091 φ,
663 3036 782 3080 Cleri
798 3037 985 3079 Romani
1003 3036 1059 3079 ad
1076 3037 1332 3092 Ciprianum
1350 3036 1569 3080 adolentis
1583 3049 1660 3093 pro
1679 3035 1935 3079 temeritate
1952 3047 2156 3090 quorum-

279 3107 382 3151 dam
418 3108 642 3164 lapsorum
675 3110 720 3150 et
751 3107 1015 3152 confidentes
1037 3109 1084 3151 in
1107 3121 1155 3152 eo
1176 3110 1222 3151 et
1243 3109 1525 3152 exhortantes
1560 3121 1639 3164 pro
1675 3121 1824 3151 eorum
1861 3106 2005 3150 salute
2026 3119 2078 3149 w.
2103 3131 2156 3136 -

280 3181 308 3223 9
331 3179 566 3236 Cypriano]
590 3179 779 3223 celerino
807 3182 872 3223 Tv
1016 3192 1155 3235 papae
1179 3193 1246 3223 wv
1391 3179 1737 3223 consistentibus
1764 3179 1803 3221 T
1946 3178 1999 3221 11
2022 3178 2159 3220 frater

279 3237 386 3294 kffie'
404 3264 508 3301 ‹pwv
652 3264 761 3307 quos
788 3254 828 3293 Τ
985 3251 1039 3294 12
1059 3251 1251 3306 perculsi
1271 3264 1297 3294 v
1457 3251 1511 3294 13
1532 3250 1912 3306 persecutionibus
1934 3248 2156 3292 cessitati-

281 3322 364 3366 bus
387 3337 440 3375 w,
461 3323 779 3380 persecutionis
801 3323 994 3366 unitatis
1014 3321 1357 3373 necessitatibus
1380 3340 1414 3378 φ
1543 3322 1599 3366 14
1619 3322 1911 3366 immodulata
1937 3323 1985 3373 T,
2005 3321 2157 3363 imme·

283 3394 439 3438 dulata
459 3409 499 3438 w
617 3395 672 3439 15
692 3396 922 3438 uerborum
942 3394 1233 3451 periculosam
1255 3410 1290 3449 φ
1407 3393 1621 3450 producta
1642 3407 1723 3438 om.
1746 3407 1785 3437 w
1902 3393 1957 3437 16
1978 3391 2158 3435 denota-

283 3468 437 3510 rentur
457 3481 497 3510 w
633 3468 864 3523 tamquam
893 3469 933 3510 T
1064 3467 1197 3521 atque
1219 3478 1300 3508 om.
1325 3481 1360 3520 φ
1497 3465 1550 3508 17
1572 3478 1756 3522 grauam
1778 3478 1818 3508 w
1954 3463 2008 3507 18
2028 3475 2161 3507 cuan-

284 3539 453 3598 gelium
475 3539 780 3595 euangelicam
803 3556 836 3592 φ
956 3536 1156 3581 adibitas
1184 3538 1221 3579 T
