2332 3978
259 307 368 359 444
933 301 1182 348 Caecilii
1213 300 1484 359 Cypriani

742 523 1061 572 Fortunatus
1089 537 1121 572 a
1145 521 1470 572 Thuccabori
1495 522 1652 573 dixit:

181 620 247 671 ‘17
338 622 480 674 Iesus
507 620 743 674 Christus
770 620 1024 673 Dominus
1051 620 1101 673 et
1127 619 1267 672 Deus
1292 620 1465 671 noster
1499 619 1597 672 Dei
1631 619 1796 687 patris
1824 621 1876 674 et
1901 622 2154 675 creatoris

272 708 413 760 filius
459 722 610 775 super
635 706 853 759 Petrum
894 705 1188 759 aedificauit
1222 704 1494 758 ecclesiam
1516 745 1529 770 ‚
1569 720 1670 758 non
1696 721 1850 775 super
1874 707 2152 773 haeresim,

269 795 321 847 et
364 794 674 862 potestatem
716 792 1015 859 baptizandi
1050 790 1301 859 episcopis
1328 790 1500 856 dedit,
1540 808 1641 845 non
1666 791 1956 847 haereticis.
1997 809 2155 861 quare

270 880 358 947 qui
386 881 530 932 extra
557 878 825 931 ecclesiam
849 878 970 930 sunt
998 878 1048 930 et
1074 877 1252 929 contra
1278 875 1544 929 Christum
1571 878 1768 931 stantes
1796 893 1917 932 oues
1956 880 2066 933 eius
2102 881 2156 934 et
2194 895 2214 926 ⁵
2295 867 2303 917 ’ἱ

271 981 483 1035 gregem
511 966 763 1034 spargunt
789 965 1054 1032 baptizare
1081 963 1206 1015 foris
1232 978 1332 1015 non
1359 964 1589 1031 possunt.

821 1169 1040 1218 Sedatus
1068 1183 1100 1217 a
1126 1168 1404 1218 Thuburbo
1434 1168 1594 1218 dixit:

184 1274 251 1324 13
343 1270 402 1320 ln
429 1268 679 1335 quantum
707 1283 838 1333 aqua
863 1266 1141 1319 sacerdotis
1162 1282 1309 1334 prece
1330 1266 1383 1318 in
1405 1267 1616 1319 ecclesia
1643 1267 1963 1321 sanctificata
1989 1268 2158 1322 abluit

271 1355 482 1417 delicta,
524 1354 576 1406 in
620 1354 825 1406 tantum
869 1353 1124 1405 haeretico
1169 1368 1401 1405 sermone
1445 1353 1591 1404 uelut
1633 1369 1813 1407 cancer
1849 1354 2042 1408 infecta
2067 1370 2157 1408 cu—

271 1441 438 1493 mulat
463 1440 684 1507 peccata.
728 1455 883 1506 quare
911 1439 1149 1491 omnibus
1175 1439 1404 1505 pacificis
1431 1440 1642 1506 quidem
1663 1440 1864 1493 uiribus
1884 1441 2155 1495 nitendum
2175 1470 2217 1500 10

272 1528 372 1590 est,
413 1543 475 1578 ne
518 1527 605 1593 qui
644 1526 899 1578 haeretico
946 1541 1112 1577 errore
1157 1525 1381 1578 infectus
1422 1527 1473 1577 et
1518 1526 1770 1579 intinctus
1814 1527 2080 1597 singulare
2107 1530 2158 1581 et

271 1629 449 1664 uerum
478 1612 717 1665 ecclesiae
742 1612 1059 1679 baptismum
1097 1612 1339 1664 retractet
1375 1612 1626 1679 accipere,
1669 1628 1766 1679 quo
1795 1614 2030 1681 quisquis
2056 1630 2159 1668 non

272 1699 428 1751 fuerit
455 1699 748 1767 baptizatus
775 1714 931 1768 regno
960 1699 1218 1751 caelorum
1245 1699 1333 1752 fiet
1361 1700 1574 1752 alienus,

787 1905 1121 1954 Priuatianus
1149 1919 1180 1953 a
1208 1905 1444 1954 Sufetula
1471 1905 1633 1954 dixit:

193 2014 255 2065 19
345 2004 443 2068 Qui
470 2003 749 2055 haereticos
776 2003 1087 2069 potestatem
1114 2003 1409 2070 baptizandi
1435 2002 1623 2055 habere
1651 2002 1807 2066 dicit,
1848 2002 1988 2054 dicat
2014 2002 2159 2070 prius
2178 2036 2217 2066 15

275 2091 389 2157 quis
415 2090 669 2142 haeresim
697 2090 995 2142 condiderit.
1039 2090 1083 2141 si
1110 2090 1247 2142 enim
1281 2091 1504 2143 haeresis
1532 2107 1561 2143 a
1589 2090 1697 2143 Deo
1739 2092 1842 2155 est,
1883 2090 2070 2142 habere
2108 2089 2160 2140 et

276 2176 654 2244 indulgentiam
693 2176 924 2229 diuinam
963 2177 1158 2243 potest:
1200 2177 1244 2228 si
1283 2192 1403 2228 uero
1442 2193 1471 2229 a
1500 2177 1604 2229 Deo
1631 2191 1731 2229 non
1760 2177 1863 2240 est,
1905 2173 2159 2243 quomodo

279 2262 505 2330 gratiam
532 2263 628 2315 Dei
656 2264 747 2315 aut
773 2263 962 2315 habere
989 2264 1080 2315 aut
1108 2262 1333 2315 conferre
1360 2263 1516 2315 alicui
1542 2262 1750 2330 potest?

853 2465 1095 2515 Priuatus
1124 2480 1155 2515 a
1182 2466 1380 2515 Sufibus
1408 2466 1564 2515 dixit:

189 2570 258 2619 20
350 2562 449 2627 Qui
475 2562 853 2615 haereticorum
880 2563 1202 2631 baptismum
1229 2562 1413 2630 probat
1440 2564 1563 2631 quid
1608 2563 1750 2616 aliud
1791 2579 1947 2630 quam
1984 2562 2164 2615 haere·
2181 2595 2225 2628 20

276 2648 396 2700 ticis
425 2649 807 2701 communicat?

366 2878 386 2917 1
422 2875 682 2918 thuccabori
708 2876 810 2927 SA,
842 2876 1110 2919 dhuccabori
1134 2878 1239 2928 LT,
1270 2877 1506 2921 tuchabori
1528 2894 1553 2922 v
1685 2878 1712 2920 3
1744 2879 1918 2934 petrum
1943 2876 2169 2929 SLTVA,

277 2949 451 3004 petram
472 2961 496 2989 v
604 2948 851 3004 ecclesiam]
876 2961 997 2990 suam
1023 2948 1130 2991 add.
1154 2963 1201 3000 v,
1237 2963 1364 2992 suum
1394 2950 1434 2993 V
1549 2950 1725 2994 heresin
1749 2949 1828 2994 SL
1943 2949 1971 2991 4
2001 2947 2165 2991 habere

279 3019 404 3062 dedit
432 3019 473 3062 V
614 3021 641 3063 5
672 3020 791 3075 sunt]
816 3033 903 3063 non
925 3033 1056 3075 super
1077 3020 1255 3063 heresin
1288 3034 1424 3076 quare
1455 3021 1532 3076 qui
1558 3020 1594 3064 S
1737 3021 1761 3062 7
1794 3018 1989 3063 tuburbo
2010 3019 2083 3063 Av

279 3092 307 3134 8
339 3103 463 3145 prece
485 3112 504 3133 *
533 3092 571 3132 T
653 3094 680 3134 9
711 3105 863 3135 cancer
886 3091 1014 3135 SLT
1022 3092 1079 3146 V,
1111 3105 1290 3135 cancere
1311 3093 1383 3136 Av
1473 3093 1667 3136 comulat
1690 3092 1727 3136 S
1813 3091 1869 3135 10
1897 3090 2019 3147 pacis
2046 3091 2087 3134 T

280 3161 392 3204 uiris
422 3161 464 3204 V
549 3163 599 3204 11
634 3163 733 3218 quis
754 3164 826 3207 Av
914 3165 985 3205 est
1007 3165 1051 3205 et
1075 3164 1112 3204 T
1195 3164 1415 3207 intinctus
1434 3164 1489 3217 S,
1512 3164 1684 3207 tinctus
1707 3163 1870 3207 LTAv
1959 3162 2014 3205 12
2036 3161 2169 3205 eccle·

282 3233 373 3275 siae
394 3233 682 3290 baptismum]
706 3234 932 3290 baptisma
954 3235 997 3277 A
1085 3233 1307 3278 detrectet
1328 3248 1353 3278 v
1460 3235 1561 3291 quis
1584 3234 1666 3279 SL
1754 3234 1809 3277 13
1839 3247 1866 3277 a
1886 3246 2022 3289 regno
2049 3234 2089 3274 Τ

281 3305 337 3347 14
370 3319 395 3347 a
417 3304 689 3348 sufetolanus
716 3307 754 3347 T
868 3306 923 3349 15
952 3305 1213 3361 baptizandi
1235 3319 1315 3349 om.
1341 3307 1384 3350 L
1494 3307 1548 3350 16
1579 3307 1678 3363 quis
1699 3318 1780 3350 om.
1806 3306 1850 3349 L
1966 3303 2171 3348 haeresin

283 3374 363 3418 SL
452 3377 538 3432 est]
560 3379 605 3419 et
633 3378 671 3418 T
755 3379 799 3419 ot
822 3390 934 3420 eras.
958 3377 1012 3419 in
1038 3378 1080 3420 T
1163 3378 1216 3420 17
1250 3376 1419 3420 simodo
1441 3378 1583 3433 (uero.
1605 3409 1615 3421 .
1632 3390 1737 3433 ‚quo
1759 3380 1860 3433 om.)
1885 3376 1921 3421 S
2005 3376 2063 3419 20
2092 3374 2172 3430 qui

277 3459 364 3489 om.
392 3446 427 3489 S
515 3447 704 3503 probant
727 3450 767 3491 A
860 3437 1008 3504 quam]
1032 3462 1143 3504 quae
1167 3448 1203 3492 S
1287 3449 1343 3492 21
1375 3451 1706 3493 communicant
1729 3448 1809 3493 SA
