2332 3978
714 271 1009 327 Epistulae
1037 271 1264 318 LXXVI.
1298 275 1490 318 6..1-2.
1932 279 2035 332 829

166 415 210 452 a·
246 398 550 466 praepositis
610 399 772 452 cernit
830 400 1086 465 imitatur,
1145 402 1355 468 paribus
1415 403 1775 471 obsequiorum
1833 405 2036 458 meritis

167 500 197 538 a
222 484 444 537 Domino
472 486 749 538 coronetur.

238 567 385 633 Quod
420 571 597 622 autem
634 570 869 623 fustibus>
893 571 1033 624 caesi
1067 571 1211 639 prius
1236 573 1467 640 grauiter
1496 574 1547 626 et
1567 573 1765 626 adflicti
1789 590 1880 642 per
1906 575 2040 627 eius·
2056 575 2086 625 2

20 720 30 730 Ι,
166 654 323 708 modi.
347 669 535 723 poenas
574 655 825 709 initiastis
861 655 1192 710 confessionis
1226 658 1428 711 uestrae
1467 659 1708 727 religiosa
1740 659 2036 727 primordia,

19 748 37 813 ··{
128 759 146 790 ε
165 739 443 793 execranda
466 740 612 794 nobis
630 741 733 794 ista
754 757 834 795 res
854 757 955 795 non
976 744 1068 796 est.
1096 759 1258 811 neque
1277 744 1415 796 enim
1434 744 1498 796 ad
1518 743 1680 798 fustes
1701 745 2040 798 christianum

34 819 37 825 ’
165 841 343 893 corpus
395 827 617 894 expauit,
642 832 644 834 ’
670 827 816 881 cuius
861 829 938 881 est
982 843 1096 897 spes
1141 829 1306 882 omnis
1351 829 1406 882 in
1451 829 1608 898 ligno,
1661 831 2041 883 sacramentum

165 911 351 966 salutis
393 927 515 966 suae
542 911 736 966 Chri-sti
777 928 955 966 seruus
994 914 1222 983 agnouit,
1265 915 1560 982 redemptus
1599 915 1741 983 ligno
1779 916 1844 968 ad
1872 915 2040 968 uitam

163 1000 422 1052 aeternam
462 999 605 1068 ligno
644 1001 919 1067 prouectus
957 1002 1035 1053 est
1062 1001 1126 1053 ad
1153 1014 1403 1053 coronam.
1449 1000 1573 1068 quid
1612 1016 1732 1053 uero
1772 1001 1966 1054 mirum
1996 1001 2041 1053 si

162 1098 288 1138 uasa
322 1099 475 1138 aurea
508 1086 560 1138 et
594 1087 838 1154 argentea
866 1086 921 1139 in
946 1086 1220 1139 metallum
1246 1086 1301 1139 id
1327 1087 1404 1139 est
1429 1086 1541 1139 auri
1567 1086 1619 1138 et
1644 1085 1846 1154 argenti
1872 1085 2041 1138 domi-

109 1188 151 1220 10
166 1171 346 1224 cilium
373 1171 483 1224 dati
509 1171 650 1235 estiS‚
676 1171 779 1224 nisi
805 1173 941 1239 quod
965 1187 1100 1225 nunc
1125 1172 1459 1225 metallorum
1483 1173 1669 1224 natura
1695 1186 1938 1224 conuersa
1963 1171 2042 1224 est

27 1256 31 1266 “
160 1257 374 1324 locaque
412 1272 540 1325 quae
577 1273 761 1310 aurum
797 1259 848 1310 et
883 1258 1155 1326 argentum
1194 1257 1311 1310 dare
1349 1257 1466 1310 ante
1504 1257 1871 1310 consueuerant
1907 1255 2042 1309 acci-

158 1358 278 1410 pere
313 1343 598 1411 coeperunt.
637 1343 973 1410 inposuerunt
1010 1358 1207 1411 quoque
1242 1344 1489 1410 conpedes
1525 1342 1742 1411 pedibus
1777 1341 1965 1395 uestris
1990 1341 2043 1394 et

159 1429 392 1481 membra
441 1428 615 1482 felicia
652 1445 711 1482 ac
748 1430 847 1482 Dei
891 1431 1089 1496 templa
1133 1429 1412 1482 infamibus
1456 1429 1680 1481 uinculis
1724 1427 2039 1496 ligauerunt‚

8 1568 11 1572 .
161 1515 309 1582 quasi
346 1531 464 1568 cum
500 1530 704 1582 corpore
739 1515 936 1585 ligetur
971 1517 1023 1569 et
1050 1516 1261 1583 spiritus
1296 1516 1387 1568 aut
1422 1531 1605 1568 aurum
1645 1515 1879 1567 uestrum
1915 1511 2041 1565 ferri

6 1584 24 1658 ,Ῑ
103 1619 144 1651 15
161 1601 461 1669 contagione
485 1602 792 1655 maculetur.
821 1602 1006 1655 dicatis
1026 1602 1132 1654 Deo
1159 1602 1454 1655 hominibus
1483 1603 1534 1655 et
1559 1601 1714 1654 fidem
1741 1616 1889 1652 suam
1914 1598 2042 1652 reli-

10 1679 12 1682 ’
161 1687 306 1756 giosa
343 1687 541 1740 uirtute
574 1688 890 1741 testantibus
925 1690 1222 1741 ornamenta
1256 1690 1377 1741 sunt
1401 1689 1519 1753 ista,
1559 1703 1658 1740 non
1685 1686 1906 1749 uincula,
1947 1699 2041 1737 nec

161 1773 559 1827 christianorum
608 1775 762 1841 pedes
805 1774 870 1827 ad
912 1774 1183 1828 infamiam
1229 1775 1470 1842 copulant
1514 1775 1603 1827 sed
1650 1772 1932 1826 clarificant
1977 1772 2042 1823 ad

159 1873 410 1912 coronam.
448 1876 476 1913 o
501 1860 656 1926 pedes
692 1859 914 1914 feliciter
947 1861 1127 1925 uincti,
1167 1861 1256 1928 qui
1290 1853 1391 1913 non
1418 1876 1447 1913 a
1470 1859 1614 1912 fabro
1651 1860 1740 1911 sed
1766 1874 1795 1911 a
1821 1856 2044 1910 Domino

156 1945 498 1999 resoluuntur.
526 1961 553 1998 o
577 1948 731 2013 pedes
757 1947 978 2000 feliciter
1003 1947 1184 2015 uincti,
1223 1947 1312 2014 qui
1337 1947 1522 1999 itinere
1548 1945 1764 1998 salutari
1789 1943 1854 1996 ad
1879 1958 2027 2009 para-

23 2045 29 2059 ‘
95 2044 138 2077 20
155 2031 329 2084 disum
361 2032 673 2101 diriguntur.
713 2047 740 2085 o
766 2034 919 2100 pedes
954 2032 1008 2085 in
1035 2033 1237 2086 saeculo
1275 2033 1340 2085 ad
1365 2047 1603 2098 praesens
1630 2030 1799 2098 ligati,
1838 2030 1898 2080 ut
1924 2027 2030 2079 sint

8 2107 20 2111 ,‚
155 2133 356 2185 semper
399 2118 535 2186 apud
574 2118 742 2171 Deum
786 2119 953 2172 liberi.
1000 2133 1028 2170 o
1066 2118 1219 2185 pedes
1265 2118 1575 2185 conpedibus
1614 2118 1666 2169 et
1704 2115 2028 2168 trauersariis

154 2202 367 2256 interim
407 2204 752 2256 cunctabundi
792 2205 881 2274 sed
916 2205 1151 2257 celeriter
1186 2204 1251 2257 ad
1285 2203 1551 2256 Christum
1590 2202 1808 2271 glorioso
1848 2201 2030 2253 itinere

155 2289 367 2342 cursuri.
407 2290 659 2356 quantum
692 2291 809 2343 uult
842 2291 926 2342 hic
962 2291 1048 2343 uel
1083 2290 1263 2343 inuida
1302 2290 1580 2343 crudelitas
1607 2290 1691 2341 uel
1717 2288 1949 2356 maligna
1977 2317 2026 2342 *ale

153 2375 367 2428 nexibus
402 2390 493 2428 uos
528 2376 634 2428 suis
670 2377 722 2429 et
756 2376 980 2429 uinculis
1016 2377 1205 2440 teneat,
1243 2376 1345 2429 cito
1373 2392 1402 2428 a
1427 2375 1579 2428 terris
1616 2375 1667 2426 et
1701 2374 1875 2441 poenis
1912 2372 2030 2426 istis

11 2516 16 2518 ,
98 2478 141 2512 25
158 2461 224 2513 ad
253 2461 512 2514 caelorum
538 2477 695 2530 regna
719 2462 954 2515 uenietis.
994 2477 1094 2515 non
1120 2462 1323 2514 fouetur
1347 2461 1403 2513 in
1427 2461 1653 2513 metallis
1679 2460 1813 2513 lecto
1840 2460 1892 2511 et
1918 2457 2032 2511 cul-

159 2546 276 2599 citis
327 2561 522 2614 corPUS‚
575 2547 664 2601 sed
713 2548 979 2617 refrigerio
1030 2550 1083 2601 et
1134 2548 1322 2601 solacio
1370 2547 1563 2600 Christi
1612 2545 1830 2599 fouetur.
1882 2543 2032 2596 humi

244 2701 270 2744 1
294 2714 320 2744 a
340 2715 419 2745 om.
446 2702 492 2747 R
684 2703 857 2747 meritis
879 2717 917 2748 a.
940 2703 980 2749 d.
1005 2706 1236 2747 coronetur
1256 2717 1337 2747 om.
1364 2703 1407 2747 R
1608 2702 1634 2745 3
1655 2699 1911 2744 huiusmodi
1930 2698 1975 2742 P

155 2771 185 2816 4
203 2772 430 2830 religiosa]
451 2774 647 2830 gloriosa
669 2773 736 2820 Vv
842 2777 869 2820 6
891 2789 989 2832 spes
1012 2790 1068 2820 ex
1090 2762 1225 2832 spE‘G
1329 2776 1353 2819 7
1377 2788 1524 2818 seruos
1545 2775 1608 2818 M
1708 2772 1919 2828 cognouit
1942 2770 1978 2815 0

158 2844 186 2888 8
207 2845 290 2900 est]
313 2858 358 2888 es
380 2846 426 2891 R
434 2863 450 2901 ;
470 2846 579 2907 fort.
595 2848 648 2890 ‘et
779 2848 895 2904 quod
923 2849 978 2893 Ο*
1115 2849 1142 2891 9
1164 2861 1298 2891 aurea
1318 2848 1377 2903 et]
1401 2860 1535 2891 aurea
1556 2846 1602 2891 R
1730 2844 1913 2888 metallo
1945 2842 1982 2888 Ο

157 2915 381 2960 domicilio
409 2917 466 2962 0²
624 2919 681 2963 10
701 2921 927 2977 conuersa]
951 2921 1183 2964 conuertat
1211 2920 1248 2964 Ο
1400 2920 1468 2961 est
1490 2931 1573 2961 om.
1603 2917 1650 2970 Ο,
1673 2931 1722 2960 ex
1743 2917 1799 2961 N
1811 2917 1862 2960 in
1882 2929 1974 2959 ras.

158 2987 213 3031 11
233 2988 416 3045 locaque
430 2990 487 3043 R,
509 2990 605 3034 loca
627 2991 863 3036 OLMNP
978 3005 1091 3047 quae
1113 3004 1195 3035 om.
1214 2991 1256 3035 R
1347 2978 1350 2981 ⁵
1373 2992 1506 3033 antea
1529 2989 1566 3034 G
1678 2989 1732 3032 13
1754 2987 1916 3031 uinclis
1941 2986 1979 3032 O

158 3058 214 3103 15
233 3059 408 3104 dicatur
430 3061 476 3118 R
684 3063 739 3107 16
759 3076 839 3107 nec
860 3076 940 3107 om.
966 3063 1029 3107 M
1154 3118 1156 3120 Ι
1235 3062 1289 3105 17
1311 3061 1528 3105 clarificat
1549 3060 1594 3104 R
1806 3058 1860 3101 18
1880 3056 2031 3113 pedes]

157 3132 323 3187 repetit
343 3132 415 3177 R.-
438 3132 495 3177 ad
513 3133 746 3179 infamiam
770 3169 778 3178 .
799 3170 807 3178 .
828 3170 837 3178 .
860 3134 992 3192 pedes
1135 3134 1330 3190 domino]
1352 3133 1520 3176 christo
1549 3131 1632 3177 GR
1777 3131 1832 3174 19
1853 3129 2033 3172 soluun-

156 3203 232 3246 tur
259 3202 341 3248 GR
387 3202 390 3204 ’
485 3251 487 3254 ,
587 3205 637 3250 in
655 3205 817 3251 itinere
838 3207 899 3250 M
904 3206 996 3251 'Nv
1242 3205 1300 3248 20
1319 3217 1527 3261 praesens
1557 3216 1613 3247 eoe
1631 3202 1900 3259 praebenens
1921 3200 1984 3244 M

158 3274 214 3318 21
235 3273 463 3319 dominum
481 3275 612 3322 MRv
847 3278 996 3335 pedes]
1020 3277 1214 3321 feliciter
1234 3275 1342 3320 add.
1363 3274 1408 3319 R
1644 3271 1943 3328 trauersariis]
1965 3271 2034 3314 ira

160 3345 428 3390 aduersariis
457 3346 495 3392 Ο
625 3387 630 3392 .
691 3350 750 3395 22
769 3344 1090 3395 cunctabundis
1111 3349 1217 3393 MR
1419 3346 1509 3403 sed]
1530 3347 1576 3389 et
1596 3345 1656 3389 M
1859 3342 1916 3386 23
1938 3355 2041 3385 cur-

162 3417 251 3461 sori
271 3418 316 3462 L
417 3406 428 3416 ⁶
469 3419 642 3464 inuidia
668 3421 723 3467 0¹
885 3422 942 3466 24
960 3410 1111 3478 terris]
1133 3419 1378 3464 terroribus
1399 3417 1509 3471 fort.
1665 3414 1783 3471 istis]
1807 3413 1917 3457 satis
1944 3412 1982 3457 G

160 3487 217 3532 25
237 3490 506 3544 peruenietis
531 3491 568 3536 Ο
677 3505 765 3536 non
783 3492 817 3537 f.
839 3492 870 3537 i.
890 3491 1087 3537 metallis
1108 3504 1188 3536 om.
1213 3491 1260 3536 R
1373 3487 1573 3533 culcitris
1592 3501 1620 3532 v
1733 3485 1789 3530 26
1808 3483 2045 3540 refrigeriov

162 3574 219 3606 ex
237 3562 413 3606 refrieri
440 3562 477 3608 Ο
