2332 3978
307 319 414 373 232
981 318 1223 366 Caecilii
1253 319 1526 378 Cy'priani

308 461 538 500 sermone
565 447 851 516 simpliceS,
890 448 1178 504 adfectione
1216 451 1509 553 concordes,
1549 451 1773 506 fideliter
1808 453 1909 507 sibi
1935 455 2197 508 unanimi-

304 533 429 586 tatis
455 534 669 587 nexibus
696 535 1039 590 cohaerentes,

218 633 283 684 25
375 620 518 673 Haec
545 621 862 675 unanimitas
889 623 983 676 sub
1010 624 1255 692 apostolis
1282 624 1408 678 olim
1434 624 1560 678 fuit:
1589 626 1662 680 sic
1688 641 1852 680 nouus
1879 627 2197 681 credentium

303 707 523 774 populus
549 708 760 761 Domini
785 709 1033 763 mandata
1059 710 1350 764 custodiens
1379 711 1651 765 caritatem
1680 728 1827 766 suam
1853 713 2037 766 tenuit.
2076 729 2196 781 pro-

303 793 392 845 bat
418 793 674 860 scriptura
699 810 827 862 quae
848 796 1000 849 dicit:
1041 796 1192 849 turb
1210 812 1239 849 a
1276 798 1493 850 autem
1531 813 1745 851 eorum
1771 799 1882 866 qui
1907 800 2195 853 credide-

302 878 455 931 rant
490 880 704 933 anima
741 897 809 934 ac
844 882 1055 934 mente
1090 900 1217 936 una
1253 884 1549 952 agebant.
1596 885 1648 938 et
1674 885 1890 938 iterum:
1926 887 1986 939 et
2016 888 2195 940 erant

301 981 568 1033 persone
585 967 803 1030 rantes
836 983 1051 1021 omnes
1089 970 1425 1023 unanimes
1464 970 1528 1023 in
1565 971 1857 1024 oratione
1897 987 2034 1025 cum
2072 989 2194 1026 mu-

302 1052 592 1105 lieribus
631 1054 691 1106 et
728 1054 937 1107 Maria
976 1071 1141 1122 quae
1179 1055 1395 1110 fuerat
1431 1057 1565 1110 mat
1583 1073 1645 1110 er
1683 1058 1785 1111 Ies
1805 1074 1839 1110 u
1878 1059 1939 1111 et
1966 1057 2194 1112 fratri-

301 1138 334 1190 b
348 1153 415 1191 us
468 1139 569 1191 eiu
585 1155 623 1192 s,
650 1127 652 1129 ⁵
683 1141 736 1192 et
780 1141 894 1193 ideo
939 1141 1231 1195 efficacibus
1284 1143 1521 1210 precibus
1567 1144 1806 1208 orabant,
1868 1144 1982 1197 ideo
2026 1145 2193 1213 impe-

302 1224 438 1277 trare
483 1241 601 1277 cum
646 1225 834 1280 fiducia
884 1229 1121 1295 poterant
1172 1229 1531 1297 quodcumque
1582 1230 1643 1282 de
1693 1230 1789 1283 Dei
1844 1230 2194 1285 misericordia
2212 1246 2252 1278 10

302 1313 648 1378 postulabant.

218 1404 284 1455 26
373 1398 433 1450 In
458 1399 604 1452 nobis
630 1415 750 1452 uero
777 1401 851 1453 sic
876 1402 1191 1455 unanimitas
1213 1404 1478 1457 deminuta
1506 1406 1599 1469 est,
1626 1405 1757 1458 utet
1779 1406 1996 1474 largitas
2017 1421 2194 1474 opera-

302 1484 458 1538 tionis
484 1485 703 1538 infracta
730 1487 822 1540 est.
864 1487 1041 1541 domos
1086 1489 1212 1541 tunc
1256 1491 1306 1541 et
1351 1490 1534 1543 fundos
1571 1492 1937 1545 uenundabant
1982 1493 2034 1545 et
2077 1494 2193 1546 the-

302 1586 476 1624 sauros
504 1571 604 1624 sibi
631 1573 684 1625 in
711 1574 849 1627 caelo
875 1576 1174 1642 reponentes
1205 1576 1559 1630 distribuenda
1597 1577 1651 1629 in
1686 1594 1809 1630 usus
1845 1579 2194 1647 indigentium

2324 1226 2332 1254 1

2324 1258 2332 1364 ἱ

300 1657 465 1723 pretia
508 1659 752 1726 apostolis
797 1661 1092 1714 offerebant.
1153 1663 1206 1714 at
1250 1679 1383 1715 nunc
1425 1663 1487 1716 de
1513 1664 1823 1731 patrimonio
1849 1681 1942 1718 nec
1969 1664 2253 1718 decimasm
2329 1729 2332 1735 ⁴

301 1743 485 1797 damus
513 1746 563 1798 et
591 1761 707 1799 cum
733 1748 951 1800 uendere
977 1749 1154 1801 iubeat
1179 1750 1458 1814 DominuS,
1502 1751 1723 1803 emimus
1750 1750 1922 1818 potius
1951 1751 2001 1803 et
2037 1766 2194 1819 auge-

301 1846 433 1882 mus
476 1831 549 1884 sic
596 1832 650 1884 in
694 1833 840 1885 nobis
882 1835 1131 1887 emarcuit
1175 1835 1324 1904 uigor
1368 1836 1514 1901 fidei,
1556 1838 1629 1889 sic
1677 1837 1995 1890 credentium
2040 1836 2195 1889 robur

303 1917 549 1985 elanguit.
592 1920 643 1971 et
684 1918 873 1972 idcirco
909 1921 1163 1974 Dominus
1189 1922 1420 1989 tempora
1445 1923 1620 1975 nostra
1656 1923 1931 1990 respiciens
1958 1924 2011 1976 in
2040 1939 2195 1976 euan-

303 2005 439 2072 gelio
476 2021 565 2058 suo
603 2005 754 2059 dicit:
796 2007 995 2059 filius
1033 2008 1317 2061 hominis
1357 2025 1495 2062 cum
1534 2010 1825 2074 uenerit,
1866 2011 2056 2077 putas
2095 2011 2195 2063 in-

304 2106 375 2142 ue
387 2091 524 2143 niet
562 2092 588 2143 f
594 2091 610 2143 i
623 2093 655 2143 d
668 2109 693 2144 e
706 2110 758 2144 m
796 2094 860 2145 in
897 2095 996 2146 ter
1011 2111 1036 2146 r
1048 2111 1077 2147 a
1093 2098 1118 2147 ⁸?
1157 2095 1395 2147 uidemus
1422 2096 1532 2149 fieri
1560 2097 1694 2164 quod
1719 2097 1807 2148 ille
1833 2097 2101 2163 praedixit.
2143 2097 2197 2149 in
2215 2113 2256 2146 20
2325 2090 2332 2107 ³

304 2177 401 2228 Dei
427 2177 636 2243 timore,
678 2179 731 2230 in
757 2179 869 2248 lege
894 2180 1148 2245 iustitiae,
1208 2182 1262 2234 in
1289 2182 1586 2247 dilectione,
1642 2183 1695 2235 in
1727 2199 1876 2249 opere
1902 2183 2027 2235 fides
2053 2184 2197 2236 nulla

304 2264 396 2315 est.
437 2279 585 2316 nemo
612 2264 904 2319 futurorum
930 2269 1131 2320 metum
1158 2269 1379 2337 cogitat,
1421 2270 1559 2322 diem
1585 2270 1797 2322 Domini
1838 2272 1889 2323 et
1927 2270 2060 2322 iram
2098 2270 2196 2322 Dei

304 2352 356 2403 et
382 2351 659 2404 incredulis
686 2354 903 2405 uentura
947 2355 1202 2423 supplicia
1248 2358 1300 2409 et
1345 2356 1544 2409 statuta
1590 2356 1799 2423 perfidis
1845 2358 2052 2409 aeterna
2095 2357 2198 2408 tor-

304 2439 480 2490 menta
515 2453 662 2490 nemo
700 2440 1000 2493 considerat.
1062 2442 1306 2509 quicquid
1348 2443 1604 2496 metueret
1651 2443 1961 2495 conscientia
2006 2442 2195 2506 nostra,

304 2523 348 2575 si
388 2523 646 2589 crederet,
685 2526 805 2592 quia
842 2543 943 2580 non
981 2529 1168 2593 credit,
1209 2528 1415 2581 omnino
1441 2544 1533 2582 nec
1559 2529 1763 2582 metuit.
1805 2529 1849 2582 si
1886 2529 2059 2581 autem
2087 2543 2197 2605 cres
2213 2550 2254 2582 25

304 2610 471 2674 deret,
514 2610 565 2662 et
592 2613 819 2666 caueret:
861 2614 905 2665 si
933 2615 1161 2678 caueret,
1213 2615 1264 2667 et
1291 2615 1543 2668 euaderet.

218 2691 284 2743 27
375 2697 671 2752 Excitemus
715 2715 805 2752 nos
851 2702 1104 2767 quantum
1148 2717 1447 2768 possumus,
1508 2701 1835 2755 dilectissimi
1884 2700 2091 2764 fratreS,
2147 2702 2197 2754 et

305 2798 480 2837 somno
506 2786 721 2840 inertiae
748 2787 937 2839 ueteris
965 2788 1182 2854 abrupto
1210 2789 1274 2841 ad
1301 2789 1618 2841 obseruanda
1645 2790 1697 2841 et
1726 2787 1947 2856 gerenda
1986 2787 2195 2840 Domini

476 2942 503 2985 5
533 2942 631 2985 Act.
654 2943 693 2995 4,
716 2944 784 2986 32.
875 2945 902 2988 6
932 2945 1030 2988 Act.
1057 2944 1094 2998 1,
1120 2944 1185 2988 14.
1278 2945 1332 2989 19
1363 2946 1468 2988 Luc.
1495 2945 1562 2997 18,
1586 2945 1627 2988 8.

394 3086 417 3127 1
450 3099 647 3129 sermone
669 3087 891 3143 simplices
922 3101 1004 3131 om.
1036 3087 1078 3131 G
1195 3089 1222 3131 4
1252 3087 1323 3131 dei
1355 3088 1401 3132 R
1525 3088 1552 3132 5
1584 3089 1803 3144 scriptura
1833 3087 1987 3131 diuina
2016 3087 2116 3131 VM

304 3156 333 3199 6
355 3157 419 3213 ac]
438 3159 482 3199 et
500 3158 571 3202 Rv
661 3160 705 3201 et
727 3159 852 3214 (ante
869 3160 1012 3215 erant)
1031 3173 1115 3203 om.
1137 3160 1177 3204 G
1263 3160 1291 3203 8
1312 3159 1399 3202 fuit
1420 3173 1445 3204 v
1534 3162 1560 3204 9
1583 3163 1627 3203 et
1646 3160 1744 3203 ideo
1761 3160 1865 3215 quia
1883 3160 2111 3203 Baluzz'us

305 3230 525 3286 precibus]
550 3230 698 3273 uerbis
723 3230 768 3274 R
884 3233 929 3274 et
951 3230 1048 3274 ideo
1070 3232 1115 3276 R
1234 3231 1290 3275 10
1319 3231 1488 3275 domini
1509 3246 1535 3276 v
1655 3233 1709 3275 12
1740 3231 1964 3274 diminuta
1986 3231 2090 3282 Mv,
2122 3230 2197 3273 do-

306 3302 477 3346 miniR
563 3304 614 3345 ut
635 3303 698 3359 et]
721 3304 765 3346 et
787 3304 914 3355 utR,
938 3304 988 3346 ut
1005 3304 1045 3347 V
1149 3303 1205 3347 13
1226 3305 1295 3347 est
1317 3316 1386 3347 om
1405 3304 1506 3347 VM
1510 3306 1537 3356 ¹,
1559 3303 1621 3347 sit
1643 3303 1751 3347 add.
1769 3303 1847 3346 M²
1934 3302 2196 3345 thensauros

316 3377 373 3417 W
448 3375 502 3418 15
524 3376 588 3431 at]
612 3375 713 3420 etR
801 3375 854 3418 17
875 3374 1008 3418 rubor
1026 3374 1066 3419 G
1145 3375 1199 3418 18
1220 3377 1264 3418 et
1286 3374 1465 3431 languit
1484 3374 1524 3419 G
1603 3375 1656 3418 19
1678 3372 1872 3418 hominis
1894 3373 2112 3441 inquitM

305 3446 363 3489 20
383 3446 479 3489 fieri
501 3448 635 3490 etiam
657 3448 718 3491 M
839 3446 1059 3502 praedixit
1080 3446 1142 3490 M
1157 3459 1190 3490 s.
1217 3446 1244 3489 l.
1265 3459 1321 3490 m.
1345 3448 1396 3498 2,
1430 3447 1655 3502 praecepit
1677 3447 1738 3491 M
1742 3450 1754 3470 ¹
1873 3445 1927 3488 21
1959 3444 2035 3488 dni
2066 3444 2111 3488 R

305 3517 363 3560 22
392 3520 514 3561 metu
542 3518 711 3563 GMR²
815 3518 873 3562 24
903 3517 1115 3574 quicquid
1131 3517 1258 3570 WR,
1291 3531 1376 3573 quo
1398 3516 1445 3560 id
1474 3517 1535 3570 G,
1567 3517 1682 3573 quod
1705 3517 1812 3573 quid
1834 3521 1856 3560 ὂ
1874 3517 1937 3561 Μ
1947 3516 2024 3560 sed
2044 3519 2066 3558 ὅ
2082 3514 2193 3559 add.

306 3593 428 3642 m.2,
463 3603 573 3645 quae
597 3591 647 3643 V,
686 3590 803 3646 quod
823 3604 850 3635 v
937 3589 993 3633 25
1025 3590 1064 3633 si
1096 3603 1152 3634 ex
1184 3590 1245 3632 sic
1278 3602 1450 3645 quoque
1485 3589 1523 3632 si
1555 3590 1616 3633 M
1639 3603 1695 3633 m.
1715 3591 1748 3632 2
1836 3586 2026 3632 credidit
2050 3586 2113 3631 W

306 3660 363 3703 26
394 3661 433 3704 si
455 3663 603 3705 autem
626 3662 684 3705 M
768 3664 813 3705 et
834 3662 1038 3705 euaderet
1067 3661 1214 3706 GMR
1224 3661 1281 3713 V,
1315 3660 1522 3704 euaderet
1548 3661 1633 3705 IsVv

2308 3283 2326 3350 J:

2306 3363 2332 3427 ²}

2302 3433 2324 3491 ,5

2287 3495 2326 3540 '22

2305 3543 2332 3567 Π

2255 3564 2332 3978 i
