2332 3978
309 273 378 326 10
977 267 1220 315 Caecilii
1250 267 1525 326 Cypriani

306 417 463 469 quam
507 401 670 455 scelus
715 399 969 454 obliuione
1012 398 1272 467 sepelitur.
1324 396 1559 465 exempla
1595 394 1729 448 fiunt
1765 411 1895 464 quae
1932 411 2040 450 esse
2087 395 2195 451 iam

304 485 530 540 facinora
564 486 889 539 destiterunt.
937 485 1050 537 tum
1097 483 1317 537 delectat
1354 482 1407 535 in
1441 480 1619 534 mimis
1661 481 2047 550 turpitudinum
2081 499 2195 537 ma-

304 571 515 641 gisterio
540 572 625 624 uel
650 569 774 639 quid
799 570 941 623 domi
965 569 1181 638 gesserit
1205 582 1561 637 recognoscere
1586 566 1672 619 uel
1692 567 1817 635 quid
1837 583 2012 637 gerere
2029 569 2195 637 possit

305 657 497 710 audire.
537 657 850 710 adulterium
893 655 1108 709 discitur
1142 655 1267 708 dum
1291 653 1500 707 uidetur
1515 694 1527 717 ,
1555 653 1606 706 et
1630 653 1948 708 lenocinante
1973 655 2038 708 ad
2063 655 2196 709 uitia

304 743 539 811 publicae
585 742 907 796 auctoritatis
942 741 1079 794 malo
1118 755 1245 807 quae
1269 738 1457 807 pudica
1482 739 1696 792 fortasse
1737 739 1804 793 ad
1841 742 2193 808 spectaculum
2231 755 2251 788 ⁵

305 830 538 882 matrona
581 829 918 895 processerat,
959 828 1020 879 de
1066 824 1353 893 spectaculo
1398 824 1678 877 reuertitur
1719 825 1975 894 inpudica.
2026 826 2193 881 adhuc

306 914 486 967 deinde
512 929 712 967 morum
739 915 932 981 quanta
956 913 1123 976 labeS,
1165 927 1294 979 quae
1321 911 1624 979 probrorum
1649 910 1901 977 fomenta,
1942 929 2070 980 quae
2095 914 2192 966 ali-

304 1001 477 1053 menta
518 1000 796 1063 uitiorum,
836 998 1152 1052 histrionicis
1199 997 1432 1066 gestibus
1475 997 1736 1064 inquinari
1754 1039 1766 1063 ,
1804 998 1980 1052 uidere
2018 1000 2193 1053 contra

303 1086 481 1139 foedus
507 1086 685 1153 iusque
711 1085 950 1138 nascendi
975 1084 1286 1151 patientiam
1320 1083 1544 1136 incestae
1580 1083 1920 1152 turpitudinis
1958 1084 2191 1139 elabora-

302 1174 438 1225 tam:
480 1173 742 1225 euirantur
767 1186 948 1235 mares,
988 1171 1148 1223 honor
1184 1169 1349 1223 omnis
1393 1170 1444 1222 et
1470 1169 1620 1238 uigor
1646 1185 1793 1222 sexus
1821 1170 2049 1223 eneruati
2077 1187 2189 1224 cor·
2210 1184 2251 1216 10

301 1259 438 1327 poris
483 1260 721 1311 dedecore
761 1258 997 1310 mollitur
1032 1257 1249 1324 plusque
1288 1256 1399 1309 11116
1436 1256 1631 1323 placet,
1673 1257 1886 1324 quisque
1927 1257 2102 1310 uirum
2139 1258 2193 1311 in

301 1345 549 1398 feminam
588 1344 755 1412 magis
791 1343 1017 1412 fregerit.
1058 1343 1111 1395 in
1138 1343 1345 1395 laudem
1371 1343 1552 1395 crescit
1579 1359 1638 1395 ex
1664 1343 1878 1396 crimine
1906 1344 1957 1396 et
1980 1343 2193 1410 peritior

302 1445 399 1498 quo
435 1430 636 1498 turpior
674 1429 947 1482 iudicatur.
988 1429 1249 1495 spectatur
1284 1429 1369 1480 hic
1403 1444 1493 1496 pro
1519 1428 1663 1482 nefas
1703 1430 1754 1482 et
1788 1430 2024 1482 libenter.
2066 1430 2191 1497 quid

299 1533 395 1570 non
424 1517 585 1584 possit
612 1516 822 1568 suadere
858 1516 946 1582 qui
973 1515 1096 1568 talis
1130 1504 1246 1567 est?
1284 1515 1460 1567 mouet
1487 1530 1663 1568 sensus
1680 1556 1692 1579 ,
1720 1516 1914 1568 mulcet
1941 1515 2188 1580 adfectuS‚

302 1603 559 1671 expugnat
596 1602 713 1654 boni
748 1602 968 1668 pectoris
1000 1601 1364 1654 conscientiam
1402 1601 1691 1654 fortiorem:
1731 1618 1823 1655 nec
1852 1602 1993 1655 deest
2017 1602 2189 1669 probri
2209 1624 2247 1656 15

300 1688 615 1741 blandientis
652 1688 953 1751 6661611166,
994 1687 1054 1739 61
1099 1686 1281 1739 66(1116
1325 1687 1560 1739 molliore
1603 1688 1851 1754 pernicies
1892 1688 2188 1741 hominibus

302 1775 524 1841 obrepat.
586 1775 877 1840 exprimunt
922 1773 1221 1840 inpudicam
1265 1773 1544 1838 Venerem,
1597 1774 1890 1827 adulterum
1943 1775 2185 1838 Martem,

299 1862 471 1914 louem
509 1861 660 1912 illum
699 1876 850 1911 suum
887 1875 987 1912 non
1024 1860 1191 1928 magis
1227 1875 1382 1928 regno
1410 1876 1565 1927 quam
1590 1861 1735 1913 uitiis
1785 1861 2097 1930 principem,
2135 1861 2189 1913 in

301 1949 525 2000 terrenos
571 1961 768 1998 amores
815 1961 930 1997 cum
975 1946 1100 2012 ipsis
1147 1946 1253 1998 suis
1299 1945 1606 1999 fulminibus
1643 1947 1933 2012 ardentem,
1974 1947 2187 2000 nuncin

299 2034 534 2100 plumam
578 2033 730 2085 oloris
776 2033 1057 2096 albescere,
1098 2048 1232 2085 nunc
1279 2047 1430 2085 aureo
1458 2033 1622 2086 imbre
1669 2033 1914 2098 defluere,
1953 2050 2089 2086 nunc
2133 2034 2187 2085 in
2205 2053 2247 2086 20

299 2135 571 2187 puerorum
597 2120 988 2187 pubescentium
1014 2120 1192 2187 raptus
1220 2120 1685 2184 ministris'fauibus
1712 2121 1961 2187 prosilire.
2004 2135 2188 2187 quaere

300 2206 404 2258 iam
429 2222 586 2269 nunc,
627 2222 691 2258 an
715 2207 877 2272 possit
913 2222 1019 2258 esse
1061 2206 1149 2272 qui
1188 2207 1385 2273 spectat
1422 2207 1623 2276 integer
1667 2207 1749 2258 uel
1794 2206 2025 2273 pudicus
2069 2205 2188 2258 deos

302 2307 441 2355 SUOS,
471 2307 594 2358 quos
622 2293 920 2355 ueneratur,
950 2293 1214 2345 imitatur:
1243 2292 1374 2345 fiunt
1401 2292 1603 2345 miseris
1631 2294 1683 2345 et
1708 2292 1952 2361 religiosa
1978 2292 2184 2344 delicta.

252 2379 282 2429 9
373 2378 412 2429 O
442 2379 484 2429 si
521 2379 571 2429 et
605 2378 767 2444 possis
802 2378 855 2429 in
890 2379 985 2430 illa
1023 2379 1238 2430 sublimi
1274 2379 1481 2446 specula
1519 2378 1831 2431 constitutus
1870 2378 2042 2431 oculos
2069 2379 2186 2430 tuos

301 2463 521 2516 inserere
567 2463 802 2527 secretis,
851 2464 1112 2517 recludere
1158 2464 1513 2517 cubiculorum
1557 2464 1803 2517 obductas
1850 2463 1982 2516 fores
2028 2465 2078 2516 et
2122 2463 2187 2516 ad
2204 2484 2244 2518 25

302 2550 662 2601 conscientiam
706 2549 967 2601 luminum
1010 2551 1296 2617 penetralia
1352 2550 1552 2603 occulta
1594 2566 1841 2603 reserare:
1881 2549 2097 2616 aspicias
2123 2550 2184 2602 ab

300 2636 551 2701 inpudicis
609 2635 716 2704 geri
764 2636 897 2702 quod
940 2652 1032 2689 nec
1083 2637 1245 2703 possit
1298 2637 1521 2704 aspicere
1575 2637 1712 2689 frons
1763 2636 1964 2703 pudica,
2010 2636 2187 2688 uideas

302 2722 436 2788 quod
463 2722 655 2773 crimen
691 2721 760 2772 sit
796 2722 846 2773 et
883 2723 1082 2786 uidere,
1123 2723 1300 2776 uideas
1339 2722 1474 2790 quod
1500 2723 1747 2775 uitiorum
1783 2721 1951 2774 furore
1977 2722 2186 2774 demen-

390 2935 414 2980 1
449 2935 589 2977 seclus
627 2948 681 2978 ex
724 2936 840 2979 solus
884 2937 947 2981 W
1048 2938 1077 2982 2
1110 2937 1394 2994 (1661116111111]
1431 2938 1658 2981 (1661616111
1679 2939 1793 2982 coni.
1816 2937 1954 2981 Felix
1982 2936 2186 2991 Oefelius

300 3011 409 3049 teste
431 3007 697 3063 Krccbin—(Jer
784 3010 890 3051 tunc
910 3010 967 3051 M
1082 3010 1280 3053 minimis
1303 3024 1358 3054 6ae
1379 3011 1514 3054 nimis
1538 3012 1583 3054 P
1602 3025 1656 3054 m.
1681 3013 1713 3054 2
1802 3009 2022 3066 magistri]
2042 3009 2104 3052 M

301 3078 330 3123 3
361 3078 535 3121 domum
558 3080 602 3121 B
721 3079 753 3124 4
783 3080 974 3123 discetur
997 3082 1129 3124 P¹M
1139 3087 1147 3109 ¹
1289 3083 1319 3129 5
1350 3083 1552 3138 puplicae
1583 3083 1660 3135 W,
1692 3082 1867 3138 publice
1890 3082 1935 3124 P
2051 3080 2079 3126 9
2112 3080 2182 3123 1116

302 3150 339 3193 S
354 3163 386 3192 6.
411 3150 437 3192 Ζ.
459 3164 513 3193 m.
537 3152 588 3202 2,
622 3150 764 3206 legem
787 3152 861 3203 M,
893 3152 971 3194 secl
991 3166 1130 3207 super
1152 3167 1240 3196 ras.
1263 3167 1318 3196 m.
1342 3157 1374 3197 2
1476 3154 1744 3210 patientiam
1766 3167 1821 3197 ex
1841 3152 2012 3209 patiam
2040 3152 2103 3196 W

299 3220 465 3263 inceste
511 3222 571 3264 W*
570 3222 614 3264 P
737 3223 794 3267 11
838 3223 1022 3278 quisquo
1066 3224 1245 3279 SPW„
1288 3225 1490 3281 quisquis
1530 3240 1583 3281 υ,-
1637 3227 1720 3280 cfr.
1765 3225 1972 3268 Minucii
2014 3223 2184 3268 Felicis

307 3291 465 3336 Octau.
488 3307 523 3336 6.
556 3296 632 3345 13,
658 3297 683 3336 1
712 3298 753 3336 61
784 3293 944 3338 Halmi
964 3295 1311 3340 adnotationem
1429 3297 1489 3343 12
1522 3299 1567 3340 61
1589 3310 1637 3340 66
1658 3311 1684 3340 v
1808 3296 1868 3342 13
1900 3295 1981 3339 hoc
2016 3309 2071 3339 ex
2110 3294 2183 3338 hic

299 3364 344 3406 P
382 3379 436 3407 m.
460 3367 491 3406 2
618 3364 723 3420 quid
761 3378 816 3408 eoe
851 3365 965 3421 quod
993 3367 1055 3411 W
1083 3380 1138 3410 m.
1162 3370 1195 3410 2
1302 3368 1359 3413 17
1395 3368 1664 3425 impudicam
1696 3367 1735 3412 S
1838 3367 1897 3413 19
1920 3366 2182 3411 fulminibus

301 3448 357 3477 ex
391 3435 646 3478 fluminibus
683 3437 728 3479 P
747 3451 801 3479 m.
820 3439 852 3479 2
948 3437 1014 3483 2Ο
1044 3438 1242 3493 plumam
1265 3439 1308 3492 S,
1342 3440 1516 3496 plumas
1540 3441 1645 3485 WP
1663 3454 1690 3484 v
1800 3439 1965 3482 holoris
1985 3438 2085 3482 SP¹

301 3506 521 3550 aluescerc
544 3508 607 3559 P,
639 3507 873 3550 flauescerc
894 3522 920 3552 υ
1026 3509 1089 3554 22
1122 3510 1199 3565 qui
1220 3524 1275 3553 eae
1297 3524 1381 3566 que
1411 3512 1458 3554 P
1474 3525 1530 3555 m.
1554 3514 1587 3555 2
1695 3511 1757 3557 23
1788 3511 2058 3553 uenerantur
2079 3509 2181 3552 imi-

299 3579 456 3620 tantur
478 3578 573 3620 Pvr
632 3577 695 3623 24
727 3579 772 3620 61
793 3591 872 3622 om.
897 3580 968 3623 Pv
1053 3582 1154 3623 tuos
1177 3595 1233 3624 ex
1255 3595 1355 3624 suos
1377 3583 1422 3625 P
1441 3596 1494 3626 m.
1518 3585 1551 3626 2
1658 3581 1721 3628 28
1754 3583 1799 3625 ct
1820 3582 1866 3626 P
1883 3596 1937 3625 m.
1962 3583 1995 3625 2
2015 3581 2068 3624 in
2088 3593 2176 3624 ras.
