2332 3978
472 979 610 1059 DE
678 979 952 1060 ZELO
1024 970 1157 1061 ΕΤ
1219 980 1657 1061 LIVORE.

204 1191 406 1281 Zelare
444 1227 580 1294 quod
617 1226 811 1279 bonum
848 1226 1025 1280 uideas
1064 1227 1116 1280 et
1152 1227 1386 1280 inuidere
1411 1227 1713 1280 melioribus
1740 1228 1854 1280 leue
1888 1229 2012 1295 aput
2040 1238 2061 1287 1

134 1314 382 1381 quosdam
407 1315 459 1366 et
484 1313 746 1366 modicum
773 1312 967 1366 crimen
993 1314 1227 1378 uidetur,
1256 1314 1441 1367 fratres
1469 1314 1818 1378 dilectissimi,
1860 1315 2012 1367 dum-

39 1435 43 1443 -
132 1415 230 1467 que
273 1399 598 1452 existimatur
641 1399 754 1452 leue
796 1414 904 1451 esse
948 1400 1000 1452 et
1043 1399 1306 1452 modicum
1343 1416 1442 1452 non
1479 1400 1723 1464 timetur,
1763 1401 1888 1453 dum
1912 1417 2013 1454 non

31 1473 34 1510 3
74 1499 94 1530 ⁶
131 1486 346 1539 timetur
371 1485 740 1549 contemnitur,
782 1486 904 1537 dum
934 1486 1286 1538 contemnitur
1310 1501 1410 1538 non
1435 1486 1585 1539 facile
1610 1487 1809 1539 uitatur
1824 1527 1836 1550 ,
1877 1489 1929 1539 et
1954 1486 2015 1538 fit

132 1587 281 1625 caeca
318 1572 370 1624 et
407 1571 606 1624 occulta
641 1570 892 1638 pernicies
919 1587 1047 1638 quae
1073 1572 1198 1624 dum
1223 1572 1395 1624 minus
1421 1572 1731 1640 perspicitur
1756 1575 1816 1625 ut
1843 1574 2014 1626 caueri

31 1662 33 1667 ”
133 1673 163 1711 6
187 1657 577 1724 prouidentibus
602 1657 790 1724 possit,
816 1657 1112 1725 inprouidas
1139 1661 1337 1712 mentes
1364 1659 1585 1712 latenter
1610 1659 1825 1727 adfligit.
1865 1674 2014 1727 porro

132 1744 309 1797 autem
334 1745 585 1797 Dominus
612 1745 889 1812 prudentes
915 1760 1024 1798 esse
1062 1760 1152 1798 nos
1191 1746 1345 1798 iussit
1382 1747 1434 1798 et
1472 1749 1623 1799 cauta
1660 1746 2008 1799 sollicitudine

31 1831 49 1907 ss
131 1830 351 1899 uigilare
375 1830 652 1898 praecepit,
681 1847 744 1883 ne
769 1831 1092 1884 aduersarius
1118 1833 1345 1901 uigilans
1372 1849 1573 1900 semper
1598 1834 1707 1901 ipse
1735 1834 1786 1885 et
1812 1849 2011 1899 semper

31 1922 45 1989 j
77 1929 119 1961 10
132 1917 379 1970 insidians
416 1917 507 1969 ubi
544 1918 598 1970 in
623 1919 801 1985 pectus
829 1919 1055 1986 obrepsit
1081 1920 1143 1972 de
1170 1920 1413 1973 scintillis
1441 1921 1626 1973 conflet
1650 1921 1906 1985 incendia,
1949 1920 2010 1973 (16
2062 1916 2066 1918 ’

43 2047 46 2050 ⁴
132 2003 307 2070 paruis
350 2004 578 2057 maxima
622 2008 896 2074 exaggeret
939 2008 991 2058 et
1036 2007 1160 2059 dum
1202 2007 1433 2060 remissis
1480 2008 1531 2060 et
1574 2008 1795 2060 incautis
1820 2007 2013 2060 leniore

133 2103 257 2141 aura
283 2089 334 2142 61
358 2088 487 2143 flatu
512 2091 746 2144 molliore
771 2092 1058 2157 blanditur,
1099 2094 1338 2159 procellis
1365 2110 1422 2146 ac
1448 2094 1744 2147 turbinibus
1771 2095 2007 2147 excitatis

131 2174 308 2228 ruinas
340 2175 460 2228 fidei
499 2178 550 2230 et
590 2178 774 2230 salutis
800 2194 859 2231 ac
886 2179 1024 2232 uitae
1049 2180 1323 2249 naufragia
1348 2181 1611 2233 moliatur.
1654 2181 2008 2233 excubandum

42 2292 53 2336 ‘.·
133 2262 210 2314 est
234 2262 434 2329 itaque,
474 2264 657 2317 fratres
684 2265 1039 2329 dilectissimi,
1067 2268 1229 2333 adque
1256 2267 1494 2320 omnibus
1521 2268 1719 2319 uiribus
1747 2267 2013 2319 elaboran-

35 2350 50 2426 J
74 2356 115 2389 1⁵
134 2346 285 2411 dum,
326 2350 385 2401 ut
411 2349 621 2403 inimico
647 2352 896 2404 saeuienti
923 2355 974 2405 et
1001 2353 1170 2406 iacula
1196 2369 1288 2406 sua
1313 2354 1367 2406 in
1393 2369 1566 2406 omnes
1591 2354 1813 2420 corporis
1839 2354 2012 2420 partes

39 2435 57 2495 3,
134 2433 320 2501 quibus
345 2437 544 2503 percuti
572 2439 623 2489 et
649 2440 910 2491 uulnerari
935 2455 1208 2506 possumus
1235 2439 1480 2509 dirigenti
1509 2441 1733 2492 sollicita
1770 2441 1822 2492 et
1858 2439 2010 2507 plena

45 2528 52 2571 ’.
134 2519 411 2588 uigilantia
437 2539 778 2592 repugnemus
807 2525 1086 2578 secundum
1113 2527 1247 2592 quod
1285 2527 1472 2579 Petrus
1510 2527 1770 2593 apostolus
1809 2526 1862 2577 in
1901 2525 2011 2592 epi-

36 2603 55 2653 ξ’
135 2606 274 2659 stula
300 2622 392 2660 sua
416 2611 712 2675 praemonet
738 2612 790 2663 et
815 2612 963 2664 docet
989 2612 1186 2665 dicens:
1215 2613 1417 2665 sobrii
1444 2615 1681 2675 estote,
1710 2611 2016 2682 uigilate,

37 2711 47 2766 j
137 2693 285 2759 quia
321 2694 744 2749 aduersarius
784 2700 1008 2751 uester
1046 2698 1352 2752 diabolus
1390 2702 1716 2767 tamquam
1766 2701 1863 2753 leo
1914 2718 2015 2753 ru-

48 2806 50 2811 ·
81 2778 324 2847 nogiens
362 2780 624 2849 aliquid
662 2784 972 2837 deuorare
1010 2801 1326 2852 quaerens
1367 2787 1620 2839 circuit.

305 2954 362 2998 18
392 2953 415 2996 I
436 2954 558 2998 Petr.
581 2955 621 3008 5,
645 2955 685 2999 8.

28 3141 29 3145 ,
52 3163 53 3166 Ἴ
216 3124 397 3157 11161611
417 3126 478 3157 nn
499 3127 610 3158 znno
631 3128 689 3159 ΕΤ
710 3128 885 3159 Lrvonn
906 3115 1095 3172 (LIBORE
1114 3117 1177 3174 D)
1196 3118 1412 3162 WDMB
1498 3118 1526 3160 2
1556 3117 1748 3161 inuideri
1775 3118 1837 3161 W
1922 3118 2018 3160 leue

38 3195 42 3199 ·
133 3184 178 3227 et
193 3183 412 3229 modicum
432 3186 550 3243 apud
570 3200 611 3243 q.
634 3202 661 3232 v
739 3189 764 3231 7
787 3188 978 3245 adfligit]
1003 3189 1218 3233 adficitD
1293 3191 1321 3233 8
1343 3203 1421 3232 nos
1443 3203 1536 3233 esse
1551 3190 1621 3242 M,
1644 3189 1779 3232 nosB
1855 3189 1882 3231 9
1905 3201 2017 3231 sem-

38 3264 45 3301 ς
131 3268 209 3311 per
229 3255 326 3312 ipse
345 3270 428 3301 om.
445 3258 496 3301 D
504 3276 520 3313 ,·
552 3259 649 3315 ipse
669 3272 752 3303 om.
774 3273 800 3303 v
917 3260 974 3304 10
1002 3260 1200 3317 obrepsit
1221 3261 1527 3312 WMBVD¹‚
1559 3261 1807 3315 obrepserit
1830 3259 1929 3303 D²v

39 3346 42 3371 ι
133 3326 189 3370 11
218 3331 462 3385 exaggerat
487 3331 532 3373 B
647 3333 693 3374 et
713 3331 842 3387 (ante
867 3332 990 3390 dum)
1011 3333 1107 3376 Ds.
1127 3334 1154 3376 l.
1171 3347 1227 3376 m.
1247 3336 1302 3385 2,
1334 3335 1387 3375 ut
1403 3333 1466 3375 M
1593 3333 1647 3375 12
1677 3332 1738 3388 et]
1768 3333 1848 3374 aut
1871 3332 1931 3374 M

134 3397 191 3442 14
219 3399 533 3445 elaborandum
557 3403 625 3445 est
641 3401 689 3446 D
805 3404 860 3448 15
889 3404 1095 3447 mittenti
1117 3405 1264 3448 iacula
1289 3405 1348 3448 M
1353 3405 1369 3429 ²
1454 3404 1599 3446 omnis
1623 3403 1672 3446 D
1787 3403 1841 3446 16
1871 3402 2014 3458 possi-

20 3501 40 3529 ..¹
134 3483 230 3514 mus
246 3472 310 3515 Μ
418 3473 653 3532 dirigenti]
675 3475 887 3532 diligenti
913 3489 963 3519 ac
987 3477 1050 3519 M
1067 3477 1147 3520 sed
1173 3489 1224 3519 66
1247 3490 1281 3519 s.
1299 3477 1326 3519 l.
1353 3490 1409 3519 m.
1428 3478 1460 3519 2
1594 3475 1650 3518 18
1680 3476 1934 3530 praemonet
1964 3474 2013 3517 in

36 3542 42 3597 j
136 3542 358 3598 aepistula
383 3558 463 3589 sua
481 3545 544 3589 Μ
641 3548 686 3590 61
709 3547 901 3603 uigilate
924 3548 986 3591 Μ
989 3547 1148 3592 ²D²Bv
1263 3547 1322 3590 20
1350 3546 1523 3603 aliquid
1549 3545 1722 3590 WDM
1720 3546 1765 3588 B
1772 3545 1831 3597 V,
1865 3547 1911 3588 et
1932 3545 2015 3588 ali-

39 3614 49 3658 ’.
138 3612 246 3668 quid
267 3615 343 3659 uel
366 3616 563 3673 aliquem
587 3631 614 3661 v
702 3619 863 3662 circuit
879 3625 986 3675 post
1011 3622 1192 3676 rugiens
1212 3620 1351 3674 ponit
1376 3633 1403 3663 υ

1558 3690 1671 3743 27*
