2332 3978
604 298 677 341 De
707 294 988 342 dominica
1018 293 1279 337 oratione
1311 307 1344 338 c.
1378 294 1562 338 31—33.
1924 293 2026 345 291

151 447 354 499 semper
378 427 609 495 operanti
635 426 843 479 adstitit
869 425 1068 477 dicens:
1097 438 1285 489 opera
1310 422 1425 475 Dei
1464 423 1756 476 reuelare
1795 424 1856 475 et
1891 437 2030 475 con-

0 566 1 586 5
157 515 346 570 fiteri
400 512 835 567 honorificum
895 513 1007 565 est.
1066 525 1204 562 nam
1261 507 1506 576 quando
1562 509 1791 561 orabas
1845 511 1914 561 tu
1969 509 2031 561 et

0 591 1 647 l
158 602 370 665 Sarra,
431 614 540 669 ego
597 599 810 666 optuli
866 596 1232 651 memoriam
1288 594 1604 648 orationis
1663 596 1919 648 uestrae
1969 594 2032 645 in

0 690 47 755 J
158 687 511 755 conspectu
549 685 886 738 claritatis
925 683 1065 736 Dei:
1127 683 1188 735 et
1234 697 1373 733 cum
1411 680 1734 748 sepelires
1770 681 1839 732 tu
1876 694 2033 735 mor-

0 821 2 845 ,
97 795 120 827 5
157 775 301 827 tuos
339 771 766 839 simpliciter,
809 771 873 823 et
912 770 1065 837 quia
1102 783 1220 821 non
1257 782 1317 820 es
1357 766 1699 820 cunctatus
1726 781 2034 834 exurgere

0 848 3 977 5
158 861 219 912 et
257 857 709 925 derelinquere
746 856 1087 925 prandium
1113 857 1314 918 tuum,
1343 853 1450 906 sed
1485 851 1689 905 abisti
1728 851 1788 904 et
1826 851 2036 904 condi—

0 982 2 991 ·
160 944 320 998 disti
356 946 704 1008 mortuum,
763 944 824 996 et
862 943 1114 995 missus
1153 957 1279 995 sum
1323 939 1641 1006 temptare
1686 938 1773 990 te:
1822 938 1884 989 et
1921 936 2039 989 ite-

0 1008 3 1095 }
158 1047 292 1083 rum
331 1046 424 1082 me
457 1030 835 1083 misitDeus
862 1044 1090 1081 curare
1127 1029 1188 1081 te
1226 1027 1286 1079 et
1313 1025 1561 1080 Sarram
1597 1040 1823 1077 nurum
1847 1024 2037 1076 tuam.

24 1187 33 1193 ἢ
160 1133 270 1186 ego
327 1116 490 1168 enim
543 1132 677 1169 sum
733 1116 1043 1183 Raphael,
1114 1130 1273 1168 unus
1333 1130 1405 1167 ex
1468 1113 1718 1180 septem
1781 1109 2040 1180 angelis

98 1200 358 1256 ‘iniustis
399 1203 506 1269 qui
545 1203 939 1256 adsistimus
980 1204 1041 1256 et
1080 1215 1539 1254 conuersamur
1586 1199 1728 1251 ante
1767 1196 2043 1250 clarita-

162 1290 287 1343 tem
324 1288 454 1341 Dei.
495 1304 585 1355 per
610 1289 819 1342 Esaiam
839 1304 1037 1357 quoque
1058 1288 1311 1341 Dominus
1338 1287 1580 1339 admonet
1605 1286 1654 1338 et
1683 1285 1830 1337 docet
1849 1283 2045 1337 similia

163 1377 475 1441 contestans,
526 1377 728 1440 solue,
787 1375 983 1442 inquit,
1043 1389 1284 1427 omnem
1339 1373 1570 1426 nodum
1627 1369 2042 1431 iniustitiae,

162 1464 416 1519 resolue
464 1462 938 1517 suffocationes
994 1461 1434 1529 inpotentium
1491 1459 2046 1513 commerciorum:

55 1616 58 1623 1
165 1551 426 1605 dimitte
466 1550 808 1618 quassatos
845 1549 906 1602 in
947 1548 1233 1615 requiem
1291 1549 1353 1600 et
1410 1562 1652 1600 omnem
1710 1545 2048 1614 consigna-

45 1627 407 1698 s131⁵tionem
464 1637 784 1690 iniustam
836 1635 1120 1702 dissipa:
1161 1635 1383 1704 frange
1441 1632 1767 1686 esurienti
1824 1646 2049 1699 panem

164 1725 341 1776 tuum
397 1724 457 1775 et
512 1738 746 1792 egenos
803 1723 948 1775 sine
1004 1723 1188 1775 tecto
1227 1720 1418 1773 induc
1454 1721 1524 1772 in
1562 1720 1810 1772 domum
1847 1718 2048 1770 tuam:

166 1809 220 1863 si
257 1810 509 1863 uideris
547 1810 808 1873 nudum,
866 1808 1043 1861 uesti
1096 1809 1157 1861 et
1208 1807 1600 1860 domesticos
1650 1805 1916 1859 seminis
1954 1804 2053 1856 tui

51 1958 59 1971 -.
165 1896 674 1963 nondespicies.
735 1897 889 1948 tunc
946 1895 1235 1962 erumpet
1291 1895 1780 1960 temporaneum
1838 1891 2054 1943 lumen

34 1972 69 2059 j'ssf
166 1978 343 2035 tuum
387 1984 447 2035 et
485 1982 879 2035 uestimenta
934 1982 1051 2034 tua
1108 1981 1239 2033 cito
1297 1980 1601 2033 orientur
1655 1979 1715 2031 et
1762 1978 2054 2045 praeibit

27 2033 77 2211 ἐ
106 2069 316 2121 suante
354 2069 413 2120 te
451 2068 723 2121 iustitia
762 2069 824 2120 et
864 2067 1133 2120 claritas
1160 2066 1276 2120 Dei
1316 2065 1749 2119 circumdabit
1787 2066 1862 2117 te.
1905 2067 2056 2117 tunc

31 2150 70 2166 ’·
169 2153 593 2219 exclamabiS,
634 2156 694 2207 et
729 2155 901 2207 Deus
940 2154 1250 2207 exaudiet
1286 2153 1372 2205 te:
1414 2153 1557 2204 dum
1596 2151 1803 2204 adhuc
1842 2151 2056 2217 loque-

169 2240 291 2305 riS,
332 2240 525 2294 dicit:
569 2257 703 2294 ecce
742 2241 979 2294 adsum,
1036 2240 1211 2295 adesse
1251 2255 1302 2292 se
1340 2238 1657 2306 repromittit
1696 2239 1746 2290 et
1785 2237 1960 2289 audire
2000 2252 2056 2289 ac

167 2327 439 2395 protegere
466 2342 519 2379 se
546 2343 628 2380 eos
657 2327 785 2379 dicit
812 2322 907 2394 qui
925 2326 1214 2380 iniustitiae
1240 2325 1397 2378 nodos
1425 2326 1486 2377 de
1526 2324 1672 2378 corde
1713 2324 1967 2376 soluentes
2008 2323 2058 2375 et

170 2412 522 2481 eleemosynas
568 2413 702 2466 circa
747 2413 1053 2467 domesticos
1099 2414 1197 2466 Dei
1243 2413 1524 2466 secundum
1551 2410 1659 2463 eius
1686 2412 1953 2478 praecepta
1979 2408 2059 2463 fa·

111 2514 153 2548 2⁵
170 2497 388 2564 cientes,
430 2499 555 2552 dum
594 2500 812 2552 audiunt
851 2500 985 2567 quod
1010 2499 1152 2553 Deus
1191 2498 1445 2567 praecipit
1481 2497 1617 2560 fieri,
1657 2497 1757 2565 ipsi
1796 2511 1993 2563 quoque
2032 2512 2060 2548 a

170 2583 278 2636 Deo
308 2588 570 2639 merentur
596 2587 778 2639 audiri.
821 2586 1000 2639 beatus
1021 2586 1284 2653 apostolus
1308 2584 1503 2637 Paulus
1523 2584 1577 2636 in
1595 2583 1898 2636 necessitate
1918 2598 2061 2650 pres-

172 2685 318 2723 surae
365 2673 574 2726 adiutus
621 2690 651 2726 a
695 2672 944 2726 fratribus
990 2687 1142 2740 opera
1188 2686 1316 2739 quae
1362 2670 1494 2722 fiunt
1520 2669 1772 2722 sacrificia
1801 2669 1904 2722 Deo
1932 2668 2063 2720 dixit

172 2769 292 2809 esse.
354 2758 698 2809 saturatus
748 2772 908 2822 sum,
978 2757 1174 2824 inquit,
1233 2754 1558 2823 recipiens
1610 2753 1682 2805 ab
1734 2753 2063 2820 Epaphro-

39 2857 79 2934 'l
171 2839 310 2894 dito
349 2858 417 2896 ea
455 2859 608 2910 quae
647 2860 676 2896 a
714 2844 904 2896 uobis
942 2843 1141 2896 missa
1179 2842 1355 2908 sunt,
1401 2841 1623 2895 odores
1665 2838 2063 2898 suauitatis‘,

3 2216 5 2250 ἕ
34 2212 73 2270 ξ,

48 2264 69 2298 ,α

0 2979 7 3060 5
50 2975 74 3074 {²
350 2999 374 3041 1
406 2998 510 3042 rob.
538 3000 682 3053 12,11
706 3014 768 3056 sq.
864 3001 918 3044 12
948 3001 1021 3044 Es.
1043 3000 1114 3053 58,
1137 3000 1164 3042 6
1188 3013 1250 3057 sq.
1346 3001 1404 3044 28
1436 2999 1553 3042 Phil.
1576 2999 1617 3050 4,
1643 2999 1707 3042 18.

265 3125 289 3167 1
321 3129 524 3183 operanti
556 3141 611 3172 ex
639 3128 790 3172 oranti
816 3129 878 3175 W
898 3143 951 3174 m.
971 3131 1005 3174 2
1122 3129 1307 3172 adstitit
1330 3129 1382 3181 S,
1415 3128 1548 3172 testis
1578 3127 1667 3171 fuit
1701 3126 1827 3170 WGv
1959 3124 2069 3166 rele-

177 3209 282 3242 uare
306 3198 344 3242 S
425 3201 452 3244 6
471 3200 720 3256 relinquere
744 3200 783 3245 S
790 3217 800 3252 ;
826 3202 885 3255 cf.
901 3215 950 3257 p.
976 3203 1082 3254 303,
1107 3204 1166 3245 10
1255 3200 1447 3244 condisti
1470 3199 1594 3252 SW,
1618 3198 1821 3254 sepelisti
1849 3197 1891 3240 G
1978 3195 2001 3237 7
2024 3196 2068 3237 et

178 3269 339 3315 missus
363 3271 475 3324 SW,
499 3271 663 3316 missus
685 3272 754 3317 Gv
842 3273 870 3316 8
900 3275 945 3316 te
972 3274 1081 3318 Ws.
1102 3274 1129 3316 l.
1151 3287 1206 3317 m.
1221 3276 1253 3318 2
1340 3272 1515 3328 nurum]
1537 3283 1714 3314 uxorem
1731 3269 1772 3313 G
1859 3267 1915 3310 10
1935 3266 2068 3309 iustis

181 3353 264 3384 om.
291 3342 331 3386 G
448 3344 502 3386 11
533 3343 694 3403 eseiam
718 3344 756 3389 S
869 3345 928 3391 12
960 3358 1133 3389 omnem
1164 3358 1245 3389 om.
1271 3344 1308 3388 S
1423 3344 1478 3387 14
1506 3355 1639 3398 reque
1663 3340 1701 3384 S
1815 3340 1868 3382 18
1898 3341 2067 3393 tempo-

178 3426 338 3456 tanum
362 3414 426 3459 W
508 3414 566 3458 20
593 3416 639 3458 te
662 3429 744 3459 om.
770 3416 807 3461 S
889 3416 1067 3461 iustitia
1086 3418 1166 3459 tua
1196 3416 1258 3460 G²
1346 3417 1401 3459 21
1424 3417 1468 3458 et
1488 3414 1592 3458 dum
1613 3427 1639 3457 v
1727 3412 1784 3455 22
1815 3409 1926 3454 dicit
1949 3408 2031 3452 SG
2046 3409 2068 3461 ¹,

186 3483 283 3528 dico
303 3487 365 3538 W,
388 3486 504 3529 dicet
532 3485 621 3531 G²v
710 3487 861 3532 adesse
883 3488 945 3544 se]
967 3490 1014 3532 et
1034 3502 1127 3532 sese
1152 3489 1216 3533 W
1299 3486 1581 3544 repromittet
1604 3485 1678 3536 W,
1700 3481 1931 3539 promittit
1947 3481 1986 3525 G

181 3556 226 3598 et
241 3556 348 3600 Ws.
373 3557 398 3600 l.
417 3571 471 3600 m.
491 3559 523 3600 2
610 3558 666 3602 25
687 3558 910 3615 praecepit
931 3559 970 3603 S
1049 3559 1104 3603 27
1127 3573 1281 3615 operae
1295 3559 1339 3610 S,
1362 3570 1492 3613 opera
1512 3556 1627 3599 bona
1646 3569 1673 3600 v
1761 3553 1832 3597 dei
1849 3551 1985 3598 WGv

188 3625 245 3668 28
277 3628 522 3684 epafrodito
546 3629 694 3674 SWG
779 3630 835 3674 29
865 3630 1016 3674 odores
1042 3631 1088 3686 S,
1112 3630 1240 3674 odore
1267 3631 1349 3679 W,
1382 3628 1556 3672 odorem
1587 3627 1653 3670 Gv

1630 3698 1733 3752 19*
