2332 3978
298 240 402 294 382
969 235 1210 282 Caecilii
1241 236 1515 293 Cypriani

302 370 456 421 tum.
513 366 698 421 radix
753 365 925 420 enim
983 366 1269 419 omnium
1322 366 1641 420 malorum
1699 367 1800 419 est
1857 367 2193 434 cupiditas

300 470 482 522 quam
522 453 797 521 quidam
835 452 1232 521 adpetentes
1269 450 1850 520 naufragauerunt
1887 469 1918 506 a
1956 453 2088 506 fide
2126 456 2190 507 et

299 540 726 593 inseruerunt
765 553 827 591 se
865 538 1212 591 doloribus
1251 537 1503 590 111111113.

221 626 276 677 ll
370 626 562 678 Metuis
600 641 664 678 ne
700 625 1073 693 patrimonium
1112 624 1263 676 tuum
1302 622 1436 676 forte
1475 623 1709 687 deficiat,
1751 625 1795 677 si
1822 625 2021 692 operari
2047 640 2106 677 ex
2132 641 2190 678 eo

302 712 519 780 largiter
562 712 824 779 coeperis?
882 710 1082 778 quando
1147 709 1286 762 enim
1331 709 1531 761 factum
1574 711 1652 762 est
1696 711 1756 762 ut
1799 711 1937 763 iusto
1981 710 2190 778 possent
2227 730 2247 760 ⁵

299 797 470 850 deesse
497 797 763 850 subsidia?
803 812 920 849 cum
958 797 1214 863 scriptum
1259 795 1355 848 sit:
1406 811 1525 848 non
1563 797 1823 850 occidet
1861 797 2027 850 fame
2071 797 2189 849 Do-

296 884 506 936 minus
545 883 819 936 animam
858 883 1120 934 iustam.
1188 882 1371 935 Helias
1410 882 1464 934 in
1502 882 1783 935 solitudine
1822 882 1990 935 coruis
2028 881 2188 934 mini-

296 970 582 1023 strantibus
619 970 848 1038 pascitur
886 969 937 1021 et
975 968 1184 1021 Danieli
1223 968 1277 1021 in
1315 969 1488 1021 lacum
1531 966 1639 1040 [ad]
1667 969 1874 1021 leonum
1905 965 2185 1040 [praedam]

295 1058 440 1109 iussu
480 1056 617 1125 regis
655 1056 850 1108 incluso
889 1055 1163 1123 prandium
1204 1055 1459 1108 diuinitus
1486 1056 1794 1123 apparatur:
1835 1057 1887 1108 et
1912 1056 1972 1107 tu
1997 1054 2188 1108 metuis

297 1158 358 1195 ne
403 1142 633 1209 operanti
678 1143 729 1193 et
773 1141 1056 1193 Dominum
1092 1141 1410 1208 promerenti
1439 1141 1577 1193 desit
1603 1141 1942 1206 alimentum,
1983 1141 2186 1208 quando
2204 1159 2247 1190 10

295 1229 404 1296 ipse
449 1228 502 1280 in
548 1227 815 1296 euangelio
856 1227 919 1279 ad
966 1227 1413 1294 exprobrationem
1439 1242 1616 1280 eorum
1644 1227 1830 1294 quibus
1856 1243 2002 1280 mens
2029 1226 2186 1279 dubia

296 1315 373 1367 est
411 1315 463 1366 et
499 1314 624 1366 fides
662 1330 824 1381 parua
865 1313 1183 1366 contestetur
1221 1314 1274 1366 et
1312 1313 1480 1366 dicat:
1540 1314 1824 1380 aspicite
1864 1312 2187 1366 uolatilia

295 1400 457 1454 caeli
501 1400 797 1467 quoniam
835 1415 957 1452 non
1009 1401 1338 1453 seminant
1396 1416 1607 1468 neque
1663 1401 1918 1453 metunt
1972 1414 2185 1465 neque

294 1486 624 1554 colligunt
673 1485 734 1538 in
782 1486 1051 1550 horrea,
1118 1488 1178 1539 et
1217 1488 1403 1554 pater
1441 1487 1662 1539 uester
1702 1486 2019 1539 caelestis
2058 1484 2182 1537 alit

292 1573 429 1624 illa.
470 1589 671 1626 nonne
709 1589 819 1625 uos
857 1574 1066 1639 pluris
1107 1574 1269 1626 estis
1308 1574 1478 1626 illis
1521 1573 1756 1626 uolucres
1777 1573 1917 1625 Deus
1939 1572 2107 1640 pascit
2133 1573 2242 1622 et15

293 1660 584 1727 passeribus
612 1660 859 1712 alimenta
898 1660 1083 1713 diurna
1120 1662 1452 1728 praestantur
1479 1661 1530 1712 et
1555 1661 1743 1727 quibus
1769 1660 1947 1712 nullus
1975 1659 2181 1711 diuinae

295 1746 369 1798 rei
409 1761 587 1798 sensus
627 1747 704 1798 est
744 1747 818 1799 eis
856 1762 949 1799 nec
987 1747 1139 1814 potus
1177 1763 1270 1799 nec
1310 1747 1455 1799 cibus
1483 1747 1656 1799 deest:
1696 1748 1756 1799 tu
1783 1747 2085 1810 christianO,
2125 1747 2184 1798 tu

295 1833 392 1884 Dei
419 1848 590 1897 seru0‚
631 1834 690 1884 tu
717 1832 957 1900 operibus
985 1833 1132 1886 bonis
1160 1833 1360 1897 dedito,
1401 1833 1461 1885 tu
1487 1832 1695 1885 domino
1723 1847 1814 1884 suo
1842 1847 1956 1885 caro
1984 1832 2183 1899 aliquid

293 1919 559 1971 existimas
586 1918 889 1972 defuturum
904 1921 929 1972 P

213 2007 274 2057 12
364 2005 480 2056 Nisi
509 2006 551 2056 si
578 2006 728 2071 putas
756 2006 877 2072 quia
903 2005 992 2073 qui
1020 2004 1288 2058 Christum
1315 2006 1485 2073 pascit
1511 2022 1541 2058 a
1568 2005 1771 2058 Christo
1808 2006 1918 2071 ipse
1956 2020 2056 2056 non
2090 2021 2182 2071 pa·
2195 2023 2237 2054 20

292 2091 455 2143 scitur
481 2092 570 2143 aut
597 2092 669 2143 eis
697 2093 898 2144 terrena
926 2091 1142 2145 deerunt
1169 2092 1357 2159 quibus
1385 2092 1630 2145 caelestia
1658 2093 1709 2144 et
1736 2092 1915 2144 diuina
1940 2091 2181 2142 tribuun-

291 2178 391 2228 tur.
435 2178 568 2229 unde
595 2177 720 2229 haec
746 2178 1011 2230 incredula
1047 2178 1323 2247 cogitatio,
1365 2179 1500 2230 unde
1539 2178 1703 2246 impia
1728 2179 1779 2230 et
1805 2178 2055 2245 sacrilega
2079 2177 2182 2228 ista

289 2263 597 2316 meditatio?
636 2264 759 2330 quid
785 2264 911 2316 facit
949 2264 1003 2317 in
1044 2266 1193 2317 domo
1233 2264 1353 2317 fidei
1392 2264 1646 2330 perfidum
1684 2265 1902 2332 pectus?
1942 2263 2067 2330 quid
2094 2263 2183 2330 qui

292 2348 493 2402 Christo
542 2351 748 2403 omnino
796 2366 895 2403 non
943 2351 1107 2404 credit
1162 2351 1453 2418 appellatur
1498 2352 1550 2404 et
1597 2351 1787 2403 dicitur
1835 2350 2182 2402 christianus?

289 2434 557 2488 Pharisaei
585 2437 682 2488 tibi
704 2437 871 2505 magis
893 2438 1130 2507 congruit
1149 2452 1350 2490 nomen.
1391 2454 1513 2489 nam
1535 2452 1652 2489 cum
1672 2436 1924 2489 Dominus
1945 2436 1999 2488 in
2025 2450 2180 2487 euan-
2198 2451 2241 2483 25

289 2521 423 2588 gelio
451 2522 512 2574 de
533 2524 869 2592 eleemosynis
892 2525 1179 2591 disputaret
1206 2525 1258 2576 et
1284 2526 1343 2576 ut
1368 2524 1516 2576 nobis
1544 2524 1735 2576 amicos
1762 2523 1823 2574 de
1850 2521 2180 2574 terrestribus

288 2607 445 2659 lucris
471 2610 686 2675 prouida
712 2611 1002 2678 operatione
1030 2612 1315 2663 faceremus
1337 2611 1426 2678 qui
1451 2626 1542 2663 nos
1570 2609 1901 2678 postmodum
1928 2608 1982 2660 in
2008 2607 2181 2660 taber-

458 2781 484 2824 6
514 2780 643 2823 Ρ1·011.
670 2781 736 2832 10,
760 2782 800 2823 3.
891 2782 946 2824 12
978 2782 1140 2826 Matth.
1166 2783 1204 2835 6,
1229 2783 1297 2826 26.

380 2924 407 2967 3
438 2925 639 2967 inserunt
661 2926 705 2966 F
835 2924 863 2966 4
895 2927 1098 2967 metuens
1124 2926 1161 2969 S
1293 2939 1344 2969 ex
1366 2939 1446 2969 om.
1468 2926 1506 2969 S
1637 2925 1666 2969 5
1694 2927 1879 2981 possent
1901 2926 1964 2970 W
1983 2925 2079 2981 (sed
2101 2926 2177 2967 ent

286 2996 444 3051 coron),
478 2998 652 3051 possint
680 2996 721 3039 G
840 2998 865 3040 6
897 2996 1098 3039 subsidia
1120 2997 1243 3040 uitae
1273 3012 1321 3050 v,
1355 2996 1613 3040 substantia
1638 2997 1683 3041 V
1796 2986 1877 3040 dfis
1908 2996 2025 3040 fame
2053 2997 2094 3040 G

286 3068 310 3110 7
342 3067 476 3123 fugae
498 3068 739 3111 solitudine
763 3068 805 3111 V
904 3070 932 3111 8
962 3068 1112 3111 daniel
1137 3069 1191 3121 S,
1223 3069 1405 3112 danihel
1429 3069 1539 3113 WG
1625 3068 1726 3113 lacu
1755 3068 1924 3113 FGVv
2013 3067 2069 3111 ad
2091 3081 2173 3112 om.

286 3139 416 3183 SGV
556 3139 720 3195 praeda
749 3140 807 3192 V,
831 3153 913 3183 om.
945 3140 986 3183 G
1131 3140 1186 3183 ad
1216 3146 1256 3184 et
1285 3140 1493 3197 praedam
1522 3140 1695 3184 inclusi
1704 3157 1720 3195 ;
1757 3141 1814 3194 cf.
1839 3140 1895 3183 de
1916 3139 2031 3183 dom.
2058 3146 2174 3184 orat.

277 3225 326 3267 p.
347 3214 452 3263 283,
474 3217 500 3255 1
588 3213 615 3255 9
647 3214 819 3256 metues
843 3212 881 3256 S
967 3213 1023 3255 10
1052 3213 1257 3268 operanti
1278 3212 1368 3256 tibi
1388 3227 1414 3257 v
1517 3212 1591 3255 dm
1616 3213 1678 3264 G,
1711 3212 1767 3255 do
1787 3212 1838 3255 F
1937 3213 1991 3255 11
2023 3224 2175 3267 expro-

283 3283 513 3327 bationem
535 3283 637 3328 SG¹
758 3284 937 3340 quibus]
960 3296 1145 3339 quorum
1174 3286 1211 3327 G
1322 3284 1474 3341 dubia]
1497 3283 1607 3327 dura
1630 3283 1667 3328 S
1752 3285 1807 3328 12
1838 3285 2110 3327 contestetur
2130 3286 2177 3326 et

285 3368 365 3399 om.
398 3355 438 3398 G
574 3354 686 3399 dicit
711 3355 751 3399 G
888 3356 943 3398 15
973 3354 1122 3410 plures
1146 3354 1267 3399 SW¹
1286 3355 1346 3399 G¹
1364 3374 1381 3413 ;
1404 3357 1463 3410 cf.
1487 3360 1583 3400 test.
1608 3357 1701 3401 III
1713 3360 1767 3399 11
1780 3370 1829 3411 p.
1853 3359 1941 3400 123
2077 3354 2174 3398 illis

286 3427 393 3470 estis
420 3428 483 3472 W
571 3427 626 3470 18
655 3429 726 3470 111.
747 3460 756 3469 .
777 3439 896 3470 ‚caro
919 3440 1001 3470 om.
1024 3427 1064 3468 G
1152 3412 1253 3469 ᾶὸῗη
1276 3441 1331 3471 ex
1352 3417 1438 3471 dn⁶o
1460 3429 1524 3473 W
1541 3442 1597 3471 m.
1618 3431 1650 3472 2
1737 3427 1795 3471 20
1823 3427 1919 3483 ipse
1941 3440 2023 3471 om.
2046 3427 2085 3469 G

285 3498 341 3541 22
372 3498 481 3554 ista]
504 3498 587 3542 illa
603 3498 653 3542 F
777 3498 834 3542 26
865 3502 910 3542 et
930 3511 1013 3542 om.
1043 3497 1085 3541 G
1229 3499 1283 3541 27
1316 3498 1500 3554 prouide
1525 3500 1588 3553 G,
1619 3499 1800 3555 propria
1821 3498 1860 3543 S
1973 3498 2173 3542 oratione

294 3570 376 3622 W,
409 3570 582 3613 ratione
613 3570 651 3615 S
735 3570 835 3626 qui*
864 3569 904 3614 G
