<?xml version="1.0" encoding="UTF-8"?>
<!DOCTYPE html PUBLIC "-//W3C//DTD XHTML 1.0 Transitional//EN"
    "http://www.w3.org/TR/xhtml1/DTD/xhtml1-transitional.dtd">
<html xmlns="http://www.w3.org/1999/xhtml" xml:lang="en" lang="en">
 <head>
  <title>
</title>
<meta http-equiv="Content-Type" content="text/html;charset=utf-8" />
  <meta name='ocr-system' content='tesseract 3.04.00' />
  <meta name='ocr-capabilities' content='ocr_page ocr_carea ocr_par ocr_line ocrx_word'/>
</head>
<body>
  <div class='ocr_page' id='page_1' title='image "./sthascicaecilicy03cypruoft_0362.png"; bbox 0 0 2332 3978; ppageno 0'>
   <div class='ocr_carea' id='block_1_1' title="bbox 327 303 1541 362">
    <p class='ocr_par' dir='ltr' id='par_1_1' title="bbox 327 303 1541 362">
     <span class='ocr_line' id='line_1_1' title="bbox 327 303 1541 362; baseline -0.014 1"><span class='ocrx_word' id='word_1_1' title='bbox 327 308 435 362; x_wconf 80' lang='lat'>352</span> <span class='ocrx_word' id='word_1_2' title='bbox 993 303 1242 349; x_wconf 82' lang='lat' dir='ltr'>Caecilii</span> <span class='ocrx_word' id='word_1_3' title='bbox 1273 303 1541 360; x_wconf 83' lang='lat' dir='ltr'>Cypriani</span> 
     </span>
    </p>
   </div>
   <div class='ocr_carea' id='block_1_2' title="bbox 324 416 2305 501">
    <p class='ocr_par' dir='ltr' id='par_1_2' title="bbox 324 416 2305 501">
     <span class='ocr_line' id='line_1_2' title="bbox 324 416 2305 501; baseline -0.007 -10"><span class='ocrx_word' id='word_1_4' title='bbox 324 436 550 491; x_wconf 91' lang='lat' dir='ltr'>concitos</span> <span class='ocrx_word' id='word_1_5' title='bbox 575 435 764 489; x_wconf 90' lang='lat' dir='ltr'>fluctus</span> <span class='ocrx_word' id='word_1_6' title='bbox 790 434 1100 488; x_wconf 88' lang='lat' dir='ltr'>clamoribus</span> <span class='ocrx_word' id='word_1_7' title='bbox 1137 433 1410 488; x_wconf 89' lang='lat' dir='ltr'>retundere</span> <span class='ocrx_word' id='word_1_8' title='bbox 1437 449 1593 501; x_wconf 88' lang='lat' dir='ltr'>quam</span> <span class='ocrx_word' id='word_1_9' title='bbox 1618 433 1767 486; x_wconf 90' lang='lat' dir='ltr'>tuam</span> <span class='ocrx_word' id='word_1_10' title='bbox 1790 429 1990 484; x_wconf 78' lang='lat' dir='ltr'>rabiem</span> <span class='ocrx_word' id='word_1_11' title='bbox 2014 426 2213 481; x_wconf 88' lang='lat' dir='ltr'>tracta·</span> <span class='ocrx_word' id='word_1_12' title='bbox 2301 416 2305 442; x_wconf 80' lang='lat'>⁵</span> 
     </span>
    </p>
   </div>
   <div class='ocr_carea' id='block_1_3' title="bbox 317 512 2205 761">
    <p class='ocr_par' dir='ltr' id='par_1_3' title="bbox 317 512 2205 761">
     <span class='ocr_line' id='line_1_3' title="bbox 320 512 2205 575; baseline -0.006 0"><span class='ocrx_word' id='word_1_13' title='bbox 320 523 462 575; x_wconf 89' lang='lat' dir='ltr'>tibus</span> <span class='ocrx_word' id='word_1_14' title='bbox 490 536 732 575; x_wconf 88' lang='lat' dir='ltr'>coercere.</span> <span class='ocrx_word' id='word_1_15' title='bbox 776 522 912 574; x_wconf 89' lang='lat' dir='ltr'>certe</span> <span class='ocrx_word' id='word_1_16' title='bbox 959 522 1010 574; x_wconf 92' lang='lat' dir='ltr'>et</span> <span class='ocrx_word' id='word_1_17' title='bbox 1051 520 1198 574; x_wconf 89' lang='lat' dir='ltr'>labor</span> <span class='ocrx_word' id='word_1_18' title='bbox 1238 520 1427 574; x_wconf 91' lang='lat' dir='ltr'>inritus</span> <span class='ocrx_word' id='word_1_19' title='bbox 1473 520 1524 573; x_wconf 90' lang='lat' dir='ltr'>et</span> <span class='ocrx_word' id='word_1_20' title='bbox 1572 520 1751 572; x_wconf 91' lang='lat' dir='ltr'>nullus</span> <span class='ocrx_word' id='word_1_21' title='bbox 1789 517 2004 570; x_wconf 88' lang='lat' dir='ltr'>effectus</span> <span class='ocrx_word' id='word_1_22' title='bbox 2027 512 2205 566; x_wconf 88' lang='lat' dir='ltr'>offerre</span> 
     </span>
     <span class='ocr_line' id='line_1_4' title="bbox 317 606 2205 674; baseline -0.005 -13"><span class='ocrx_word' id='word_1_23' title='bbox 317 609 494 661; x_wconf 90' lang='lat' dir='ltr'>lumen</span> <span class='ocrx_word' id='word_1_24' title='bbox 522 623 692 671; x_wconf 81' lang='lat' dir='ltr'>cae00‚</span> <span class='ocrx_word' id='word_1_25' title='bbox 732 622 1018 660; x_wconf 82' lang='lat' dir='ltr'>sermonem</span> <span class='ocrx_word' id='word_1_26' title='bbox 1044 607 1221 671; x_wconf 87' lang='lat' dir='ltr'>surd0‚</span> <span class='ocrx_word' id='word_1_27' title='bbox 1263 606 1575 674; x_wconf 71' lang='lat' dir='ltr'>sapientiam</span> <span class='ocrx_word' id='word_1_28' title='bbox 1600 606 1752 658; x_wconf 90' lang='lat' dir='ltr'>bruto</span> <span class='ocrx_word' id='word_1_29' title='bbox 1775 645 1787 668; x_wconf 84' lang='lat'>‚</span> <span class='ocrx_word' id='word_1_30' title='bbox 1829 619 1949 656; x_wconf 92' lang='lat' dir='ltr'>cum</span> <span class='ocrx_word' id='word_1_31' title='bbox 1972 615 2064 654; x_wconf 92' lang='lat' dir='ltr'>nec</span> <span class='ocrx_word' id='word_1_32' title='bbox 2088 614 2205 652; x_wconf 90' lang='lat' dir='ltr'>sen-</span> 
     </span>
     <span class='ocr_line' id='line_1_5' title="bbox 317 686 2203 761; baseline -0.005 -14"><span class='ocrx_word' id='word_1_33' title='bbox 317 695 417 747; x_wconf 91' lang='lat' dir='ltr'>tire</span> <span class='ocrx_word' id='word_1_34' title='bbox 460 695 646 747; x_wconf 90' lang='lat' dir='ltr'>brutus</span> <span class='ocrx_word' id='word_1_35' title='bbox 672 693 837 761; x_wconf 89' lang='lat' dir='ltr'>possit</span> <span class='ocrx_word' id='word_1_36' title='bbox 862 709 953 746; x_wconf 91' lang='lat' dir='ltr'>nec</span> <span class='ocrx_word' id='word_1_37' title='bbox 980 708 1156 746; x_wconf 88' lang='lat' dir='ltr'>caecus</span> <span class='ocrx_word' id='word_1_38' title='bbox 1182 693 1358 745; x_wconf 91' lang='lat' dir='ltr'>lumen</span> <span class='ocrx_word' id='word_1_39' title='bbox 1384 692 1658 745; x_wconf 75' lang='lat' dir='ltr'>admittere</span> <span class='ocrx_word' id='word_1_40' title='bbox 1683 706 1776 744; x_wconf 88' lang='lat' dir='ltr'>nec</span> <span class='ocrx_word' id='word_1_41' title='bbox 1801 689 1987 742; x_wconf 86' lang='lat' dir='ltr'>surdus</span> <span class='ocrx_word' id='word_1_42' title='bbox 2009 686 2203 741; x_wconf 89' lang='lat' dir='ltr'>audire.</span> 
     </span>
    </p>
   </div>
   <div class='ocr_carea' id='block_1_4' title="bbox 1900 0 2332 393">
    <p class='ocr_par' dir='ltr' id='par_1_4' title="bbox 1900 0 2332 393">
     <span class='ocr_line' id='line_1_6' title="bbox 1900 0 2332 393; baseline 0 3585"><span class='ocrx_word' id='word_1_43' title='bbox 1900 0 2332 393; x_wconf 95' lang='lat' dir='ltr'> </span> 
     </span>
    </p>
   </div>
   <div class='ocr_carea' id='block_1_5' title="bbox 267 773 2270 846">
    <p class='ocr_par' dir='ltr' id='par_1_5' title="bbox 267 766 2329 853">
     <span class='ocr_line' id='line_1_7' title="bbox 267 773 2270 846; baseline -0.003 -14"><span class='ocrx_word' id='word_1_44' title='bbox 267 794 297 845; x_wconf 77' lang='lat'><strong>2</strong></span> <span class='ocrx_word' id='word_1_45' title='bbox 387 780 532 833; x_wconf 91' lang='lat' dir='ltr'>Haec</span> <span class='ocrx_word' id='word_1_46' title='bbox 560 781 884 834; x_wconf 82' lang='lat' dir='ltr'>considerans</span> <span class='ocrx_word' id='word_1_47' title='bbox 912 795 1058 846; x_wconf 87' lang='lat' dir='ltr'>saepe</span> <span class='ocrx_word' id='word_1_48' title='bbox 1086 779 1308 831; x_wconf 90' lang='lat' dir='ltr'>conticui</span> <span class='ocrx_word' id='word_1_49' title='bbox 1336 779 1387 831; x_wconf 93' lang='lat' dir='ltr'>et</span> <span class='ocrx_word' id='word_1_50' title='bbox 1412 779 1753 845; x_wconf 87' lang='lat' dir='ltr'>inpatientem</span> <span class='ocrx_word' id='word_1_51' title='bbox 1790 776 2044 844; x_wconf 87' lang='lat' dir='ltr'>patientia</span> <span class='ocrx_word' id='word_1_52' title='bbox 2080 773 2206 839; x_wconf 86' lang='lat' dir='ltr'>uici,</span> <span class='ocrx_word' id='word_1_53' title='bbox 2243 791 2270 825; x_wconf 81' lang='lat'>⁵-</span> 
     </span>
    </p>
   </div>
   <div class='ocr_carea' id='block_1_6' title="bbox 312 864 2206 1193">
    <p class='ocr_par' dir='ltr' id='par_1_6' title="bbox 312 864 2206 1193">
     <span class='ocr_line' id='line_1_8' title="bbox 317 864 2205 932; baseline -0.001 -14"><span class='ocrx_word' id='word_1_54' title='bbox 317 881 433 919; x_wconf 92' lang='lat' dir='ltr'>cum</span> <span class='ocrx_word' id='word_1_55' title='bbox 460 883 553 919; x_wconf 90' lang='lat' dir='ltr'>nec</span> <span class='ocrx_word' id='word_1_56' title='bbox 599 867 776 919; x_wconf 88' lang='lat' dir='ltr'>docere</span> <span class='ocrx_word' id='word_1_57' title='bbox 820 866 1096 919; x_wconf 81' lang='lat' dir='ltr'>indocilem</span> <span class='ocrx_word' id='word_1_58' title='bbox 1133 880 1336 932; x_wconf 89' lang='lat' dir='ltr'>possem</span> <span class='ocrx_word' id='word_1_59' title='bbox 1374 880 1467 918; x_wconf 90' lang='lat' dir='ltr'>nec</span> <span class='ocrx_word' id='word_1_60' title='bbox 1504 865 1728 932; x_wconf 87' lang='lat' dir='ltr'>impium</span> <span class='ocrx_word' id='word_1_61' title='bbox 1770 864 2019 932; x_wconf 84' lang='lat' dir='ltr'>religione</span> <span class='ocrx_word' id='word_1_62' title='bbox 2063 869 2205 916; x_wconf 89' lang='lat' dir='ltr'>com-</span> 
     </span>
     <span class='ocr_line' id='line_1_9' title="bbox 314 950 2206 1021; baseline -0.001 -17"><span class='ocrx_word' id='word_1_63' title='bbox 314 951 535 1021; x_wconf 91' lang='lat' dir='ltr'>primere</span> <span class='ocrx_word' id='word_1_64' title='bbox 580 968 671 1006; x_wconf 88' lang='lat' dir='ltr'>nec</span> <span class='ocrx_word' id='word_1_65' title='bbox 717 953 977 1006; x_wconf 86' lang='lat' dir='ltr'>furentem</span> <span class='ocrx_word' id='word_1_66' title='bbox 1016 952 1231 1005; x_wconf 89' lang='lat' dir='ltr'>lenitate</span> <span class='ocrx_word' id='word_1_67' title='bbox 1282 951 1529 1005; x_wconf 89' lang='lat' dir='ltr'>cohibere.</span> <span class='ocrx_word' id='word_1_68' title='bbox 1590 951 1679 1004; x_wconf 89' lang='lat' dir='ltr'>sed</span> <span class='ocrx_word' id='word_1_69' title='bbox 1725 951 1862 1004; x_wconf 92' lang='lat' dir='ltr'>enim</span> <span class='ocrx_word' id='word_1_70' title='bbox 1903 967 2022 1003; x_wconf 92' lang='lat' dir='ltr'>cum</span> <span class='ocrx_word' id='word_1_71' title='bbox 2064 950 2206 1004; x_wconf 90' lang='lat' dir='ltr'>dicas</span> 
     </span>
     <span class='ocr_line' id='line_1_10' title="bbox 312 1037 2203 1107; baseline 0 -17"><span class='ocrx_word' id='word_1_72' title='bbox 312 1038 562 1106; x_wconf 91' lang='lat' dir='ltr'>plurimos</span> <span class='ocrx_word' id='word_1_73' title='bbox 608 1039 846 1106; x_wconf 87' lang='lat' dir='ltr'>conqueri</span> <span class='ocrx_word' id='word_1_74' title='bbox 892 1039 942 1092; x_wconf 91' lang='lat' dir='ltr'>et</span> <span class='ocrx_word' id='word_1_75' title='bbox 987 1038 1122 1106; x_wconf 88' lang='lat' dir='ltr'>quod</span> <span class='ocrx_word' id='word_1_76' title='bbox 1166 1037 1305 1090; x_wconf 90' lang='lat' dir='ltr'>bella</span> <span class='ocrx_word' id='word_1_77' title='bbox 1349 1038 1576 1091; x_wconf 86' lang='lat' dir='ltr'>crebrius</span> <span class='ocrx_word' id='word_1_78' title='bbox 1617 1040 1855 1107; x_wconf 83' lang='lat' dir='ltr'>surgant,</span> <span class='ocrx_word' id='word_1_79' title='bbox 1896 1038 2031 1104; x_wconf 91' lang='lat' dir='ltr'>quod</span> <span class='ocrx_word' id='word_1_80' title='bbox 2073 1037 2203 1102; x_wconf 79' lang='lat' dir='ltr'>lueS‚</span> 
     </span>
     <span class='ocr_line' id='line_1_11' title="bbox 314 1123 2206 1193; baseline 0.001 -17"><span class='ocrx_word' id='word_1_81' title='bbox 314 1125 449 1193; x_wconf 89' lang='lat' dir='ltr'>quod</span> <span class='ocrx_word' id='word_1_82' title='bbox 475 1124 637 1178; x_wconf 89' lang='lat' dir='ltr'>fames</span> <span class='ocrx_word' id='word_1_83' title='bbox 665 1126 921 1190; x_wconf 83' lang='lat' dir='ltr'>saeuiant,</span> <span class='ocrx_word' id='word_1_84' title='bbox 963 1125 1197 1192; x_wconf 89' lang='lat' dir='ltr'>quodque</span> <span class='ocrx_word' id='word_1_85' title='bbox 1242 1123 1435 1177; x_wconf 90' lang='lat' dir='ltr'>imbres</span> <span class='ocrx_word' id='word_1_86' title='bbox 1481 1125 1532 1177; x_wconf 90' lang='lat' dir='ltr'>et</span> <span class='ocrx_word' id='word_1_87' title='bbox 1579 1124 1783 1192; x_wconf 90' lang='lat' dir='ltr'>pluuias</span> <span class='ocrx_word' id='word_1_88' title='bbox 1829 1139 2006 1176; x_wconf 91' lang='lat' dir='ltr'>serena</span> <span class='ocrx_word' id='word_1_89' title='bbox 2050 1124 2206 1193; x_wconf 88' lang='lat' dir='ltr'>longa</span> 
     </span>
    </p>
   </div>
   <div class='ocr_carea' id='block_1_7' title="bbox 2314 994 2324 1018">
    <p class='ocr_par' dir='ltr' id='par_1_7' title="bbox 2314 994 2324 1018">
     <span class='ocr_line' id='line_1_12' title="bbox 2314 994 2324 1018; baseline 0 2960"><span class='ocrx_word' id='word_1_90' title='bbox 2314 994 2324 1018; x_wconf 95' lang='lat' dir='ltr'> </span> 
     </span>
    </p>
   </div>
   <div class='ocr_carea' id='block_1_8' title="bbox 2314 1060 2324 1070">
    <p class='ocr_par' dir='ltr' id='par_1_8' title="bbox 2314 1060 2324 1070">
     <span class='ocr_line' id='line_1_13' title="bbox 2314 1060 2324 1070; baseline 0 2908"><span class='ocrx_word' id='word_1_91' title='bbox 2314 1060 2324 1070; x_wconf 95' lang='lat' dir='ltr'> </span> 
     </span>
    </p>
   </div>
   <div class='ocr_carea' id='block_1_9' title="bbox 2318 978 2332 1086">
    <p class='ocr_par' dir='ltr' id='par_1_9' title="bbox 2318 978 2332 1086">
     <span class='ocr_line' id='line_1_14' title="bbox 2318 978 2332 1086; baseline 0 0"><span class='ocrx_word' id='word_1_92' title='bbox 2318 978 2332 1086; x_wconf 77' lang='grc'>1</span> 
     </span>
    </p>
   </div>
   <div class='ocr_carea' id='block_1_10' title="bbox 313 1197 2332 1280">
    <p class='ocr_par' dir='ltr' id='par_1_10' title="bbox 313 1197 2332 1280">
     <span class='ocr_line' id='line_1_15' title="bbox 313 1197 2332 1280; baseline -0.001 -16"><span class='ocrx_word' id='word_1_93' title='bbox 313 1213 625 1280; x_wconf 88' lang='lat' dir='ltr'>suspendant</span> <span class='ocrx_word' id='word_1_94' title='bbox 650 1212 795 1264; x_wconf 90' lang='lat' dir='ltr'>nobis</span> <span class='ocrx_word' id='word_1_95' title='bbox 821 1212 1069 1278; x_wconf 87' lang='lat' dir='ltr'>imputari</span> <span class='ocrx_word' id='word_1_96' title='bbox 1085 1252 1097 1275; x_wconf 84' lang='lat'>‚</span> <span class='ocrx_word' id='word_1_97' title='bbox 1137 1213 1306 1264; x_wconf 87' lang='lat' dir='ltr'>tacere</span> <span class='ocrx_word' id='word_1_98' title='bbox 1332 1211 1471 1264; x_wconf 88' lang='lat' dir='ltr'>ultra</span> <span class='ocrx_word' id='word_1_99' title='bbox 1496 1225 1596 1263; x_wconf 93' lang='lat' dir='ltr'>non</span> <span class='ocrx_word' id='word_1_100' title='bbox 1621 1212 1844 1278; x_wconf 85' lang='lat' dir='ltr'>oportet,</span> <span class='ocrx_word' id='word_1_101' title='bbox 1884 1227 1947 1264; x_wconf 91' lang='lat' dir='ltr'>ne</span> <span class='ocrx_word' id='word_1_102' title='bbox 1971 1212 2079 1265; x_wconf 89' lang='lat' dir='ltr'>iam</span> <span class='ocrx_word' id='word_1_103' title='bbox 2104 1228 2204 1265; x_wconf 90' lang='lat' dir='ltr'>non</span> <span class='ocrx_word' id='word_1_104' title='bbox 2220 1229 2265 1262; x_wconf 83' lang='grc' dir='ltr'>ιο</span> <span class='ocrx_word' id='word_1_105' title='bbox 2327 1197 2332 1254; x_wconf 76' lang='grc' dir='ltr'><strong><em>Ῐ</em></strong></span> 
     </span>
    </p>
   </div>
   <div class='ocr_carea' id='block_1_11' title="bbox 254 1297 2258 2059">
    <p class='ocr_par' dir='ltr' id='par_1_11' title="bbox 304 1297 2258 1973">
     <span class='ocr_line' id='line_1_16' title="bbox 311 1297 2203 1364; baseline 0.001 -13"><span class='ocrx_word' id='word_1_106' title='bbox 311 1298 672 1361; x_wconf 85' lang='lat' dir='ltr'>uerecundiae,</span> <span class='ocrx_word' id='word_1_107' title='bbox 712 1298 800 1351; x_wconf 91' lang='lat' dir='ltr'>sed</span> <span class='ocrx_word' id='word_1_108' title='bbox 828 1298 1146 1351; x_wconf 85' lang='lat' dir='ltr'>diffidentiae</span> <span class='ocrx_word' id='word_1_109' title='bbox 1172 1312 1279 1350; x_wconf 91' lang='lat' dir='ltr'>esse</span> <span class='ocrx_word' id='word_1_110' title='bbox 1304 1297 1520 1364; x_wconf 89' lang='lat' dir='ltr'>incipiat</span> <span class='ocrx_word' id='word_1_111' title='bbox 1547 1297 1682 1364; x_wconf 91' lang='lat' dir='ltr'>quod</span> <span class='ocrx_word' id='word_1_112' title='bbox 1707 1299 1962 1362; x_wconf 80' lang='lat' dir='ltr'>tacemuS‚</span> <span class='ocrx_word' id='word_1_113' title='bbox 2001 1299 2054 1351; x_wconf 89' lang='lat' dir='ltr'>et</span> <span class='ocrx_word' id='word_1_114' title='bbox 2077 1299 2203 1352; x_wconf 90' lang='lat' dir='ltr'>dum</span> 
     </span>
     <span class='ocr_line' id='line_1_17' title="bbox 313 1384 2200 1449; baseline 0.002 -13"><span class='ocrx_word' id='word_1_115' title='bbox 313 1384 692 1437; x_wconf 87' lang='lat' dir='ltr'>criminationes</span> <span class='ocrx_word' id='word_1_116' title='bbox 743 1384 898 1438; x_wconf 85' lang='lat' dir='ltr'>falsas</span> <span class='ocrx_word' id='word_1_117' title='bbox 951 1386 1326 1438; x_wconf 89' lang='lat' dir='ltr'>contemnimus</span> <span class='ocrx_word' id='word_1_118' title='bbox 1377 1384 1626 1449; x_wconf 85' lang='lat' dir='ltr'>refutare,</span> <span class='ocrx_word' id='word_1_119' title='bbox 1686 1386 1956 1438; x_wconf 90' lang='lat' dir='ltr'>uideamur</span> <span class='ocrx_word' id='word_1_120' title='bbox 2006 1386 2200 1440; x_wconf 89' lang='lat' dir='ltr'>crimen</span> 
     </span>
     <span class='ocr_line' id='line_1_18' title="bbox 310 1471 2200 1540; baseline 0.002 -17"><span class='ocrx_word' id='word_1_121' title='bbox 310 1486 594 1540; x_wconf 84' lang='lat' dir='ltr'>agnoscere.</span> <span class='ocrx_word' id='word_1_122' title='bbox 654 1472 932 1539; x_wconf 85' lang='lat' dir='ltr'>respondeo</span> <span class='ocrx_word' id='word_1_123' title='bbox 982 1472 1146 1540; x_wconf 90' lang='lat' dir='ltr'>igitur</span> <span class='ocrx_word' id='word_1_124' title='bbox 1197 1472 1248 1524; x_wconf 93' lang='lat' dir='ltr'>et</span> <span class='ocrx_word' id='word_1_125' title='bbox 1292 1471 1421 1535; x_wconf 87' lang='lat' dir='ltr'>tibi,</span> <span class='ocrx_word' id='word_1_126' title='bbox 1491 1472 1849 1536; x_wconf 75' lang='lat' dir='ltr'>Demetriane,</span> <span class='ocrx_word' id='word_1_127' title='bbox 1907 1472 2097 1539; x_wconf 88' lang='lat' dir='ltr'>pariter</span> <span class='ocrx_word' id='word_1_128' title='bbox 2149 1475 2200 1526; x_wconf 91' lang='lat' dir='ltr'>et</span> 
     </span>
     <span class='ocr_line' id='line_1_19' title="bbox 310 1558 2192 1625; baseline 0.002 -16"><span class='ocrx_word' id='word_1_129' title='bbox 310 1558 490 1610; x_wconf 89' lang='lat' dir='ltr'>ceteris</span> <span class='ocrx_word' id='word_1_130' title='bbox 530 1573 655 1625; x_wconf 91' lang='lat' dir='ltr'>quos</span> <span class='ocrx_word' id='word_1_131' title='bbox 691 1559 749 1611; x_wconf 91' lang='lat' dir='ltr'>tu</span> <span class='ocrx_word' id='word_1_132' title='bbox 777 1558 991 1611; x_wconf 85' lang='lat' dir='ltr'>forsitan</span> <span class='ocrx_word' id='word_1_133' title='bbox 1019 1558 1287 1611; x_wconf 88' lang='lat' dir='ltr'>concitasti</span> <span class='ocrx_word' id='word_1_134' title='bbox 1314 1559 1365 1611; x_wconf 91' lang='lat' dir='ltr'>et</span> <span class='ocrx_word' id='word_1_135' title='bbox 1392 1559 1666 1611; x_wconf 90' lang='lat' dir='ltr'>aduersum</span> <span class='ocrx_word' id='word_1_136' title='bbox 1691 1572 1782 1611; x_wconf 93' lang='lat' dir='ltr'>nos</span> <span class='ocrx_word' id='word_1_137' title='bbox 1809 1558 1927 1611; x_wconf 91' lang='lat' dir='ltr'>odia</span> <span class='ocrx_word' id='word_1_138' title='bbox 1952 1558 2059 1611; x_wconf 91' lang='lat' dir='ltr'>tuis</span> <span class='ocrx_word' id='word_1_139' title='bbox 2086 1575 2192 1612; x_wconf 90' lang='lat' dir='ltr'>ma-</span> 
     </span>
     <span class='ocr_line' id='line_1_20' title="bbox 306 1643 2258 1712; baseline 0.002 -17"><span class='ocrx_word' id='word_1_140' title='bbox 306 1643 487 1696; x_wconf 89' lang='lat' dir='ltr'>ledicis</span> <span class='ocrx_word' id='word_1_141' title='bbox 514 1644 725 1696; x_wconf 89' lang='lat' dir='ltr'>uocibus</span> <span class='ocrx_word' id='word_1_142' title='bbox 753 1644 1048 1697; x_wconf 89' lang='lat' dir='ltr'>seminando</span> <span class='ocrx_word' id='word_1_143' title='bbox 1076 1644 1288 1697; x_wconf 89' lang='lat' dir='ltr'>comites</span> <span class='ocrx_word' id='word_1_144' title='bbox 1315 1644 1414 1697; x_wconf 90' lang='lat' dir='ltr'>tibi</span> <span class='ocrx_word' id='word_1_145' title='bbox 1452 1644 1623 1711; x_wconf 88' lang='lat' dir='ltr'>plures</span> <span class='ocrx_word' id='word_1_146' title='bbox 1657 1644 1845 1697; x_wconf 89' lang='lat' dir='ltr'>radicis</span> <span class='ocrx_word' id='word_1_147' title='bbox 1887 1646 2053 1712; x_wconf 90' lang='lat' dir='ltr'>adque</span> <span class='ocrx_word' id='word_1_148' title='bbox 2094 1646 2196 1698; x_wconf 91' lang='lat' dir='ltr'>ori·</span> <span class='ocrx_word' id='word_1_149' title='bbox 2215 1650 2258 1682; x_wconf 82' lang='lat'>¹⁵</span> 
     </span>
     <span class='ocr_line' id='line_1_21' title="bbox 306 1730 2194 1799; baseline 0.001 -17"><span class='ocrx_word' id='word_1_150' title='bbox 306 1730 443 1798; x_wconf 91' lang='lat' dir='ltr'>ginis</span> <span class='ocrx_word' id='word_1_151' title='bbox 471 1731 551 1783; x_wconf 92' lang='lat' dir='ltr'>tui</span> <span class='ocrx_word' id='word_1_152' title='bbox 577 1730 918 1798; x_wconf 87' lang='lat' dir='ltr'>pullulatione</span> <span class='ocrx_word' id='word_1_153' title='bbox 944 1731 1143 1784; x_wconf 83' lang='lat' dir='ltr'>fecisti:</span> <span class='ocrx_word' id='word_1_154' title='bbox 1183 1746 1308 1799; x_wconf 88' lang='lat' dir='ltr'>quos</span> <span class='ocrx_word' id='word_1_155' title='bbox 1334 1732 1509 1784; x_wconf 90' lang='lat' dir='ltr'>tamen</span> <span class='ocrx_word' id='word_1_156' title='bbox 1536 1731 1784 1784; x_wconf 86' lang='lat' dir='ltr'>sermonis</span> <span class='ocrx_word' id='word_1_157' title='bbox 1811 1732 1974 1784; x_wconf 89' lang='lat' dir='ltr'>nostri</span> <span class='ocrx_word' id='word_1_158' title='bbox 2001 1732 2194 1784; x_wconf 87' lang='lat' dir='ltr'>admit-</span> 
     </span>
     <span class='ocr_line' id='line_1_22' title="bbox 304 1818 2195 1885; baseline 0.001 -16"><span class='ocrx_word' id='word_1_159' title='bbox 304 1818 412 1869; x_wconf 89' lang='lat' dir='ltr'>tere</span> <span class='ocrx_word' id='word_1_160' title='bbox 450 1818 596 1870; x_wconf 87' lang='lat' dir='ltr'>oredo</span> <span class='ocrx_word' id='word_1_161' title='bbox 634 1818 900 1871; x_wconf 88' lang='lat' dir='ltr'>rationem.</span> <span class='ocrx_word' id='word_1_162' title='bbox 941 1834 1062 1870; x_wconf 91' lang='lat' dir='ltr'>nam</span> <span class='ocrx_word' id='word_1_163' title='bbox 1107 1818 1195 1885; x_wconf 88' lang='lat' dir='ltr'>qui</span> <span class='ocrx_word' id='word_1_164' title='bbox 1241 1818 1305 1871; x_wconf 91' lang='lat' dir='ltr'>ad</span> <span class='ocrx_word' id='word_1_165' title='bbox 1350 1819 1549 1870; x_wconf 87' lang='lat' dir='ltr'>malum</span> <span class='ocrx_word' id='word_1_166' title='bbox 1595 1820 1768 1870; x_wconf 92' lang='lat' dir='ltr'>motus</span> <span class='ocrx_word' id='word_1_167' title='bbox 1812 1820 1889 1869; x_wconf 93' lang='lat' dir='ltr'>est</span> <span class='ocrx_word' id='word_1_168' title='bbox 1931 1818 2195 1870; x_wconf 86' lang='lat' dir='ltr'>mendacio</span> 
     </span>
     <span class='ocr_line' id='line_1_23' title="bbox 305 1903 1804 1973; baseline 0.001 -18"><span class='ocrx_word' id='word_1_169' title='bbox 305 1903 517 1957; x_wconf 89' lang='lat' dir='ltr'>fallente</span> <span class='ocrx_word' id='word_1_170' title='bbox 542 1905 712 1957; x_wconf 90' lang='lat' dir='ltr'>multo</span> <span class='ocrx_word' id='word_1_171' title='bbox 740 1906 906 1973; x_wconf 89' lang='lat' dir='ltr'>magis</span> <span class='ocrx_word' id='word_1_172' title='bbox 935 1905 999 1958; x_wconf 90' lang='lat' dir='ltr'>ad</span> <span class='ocrx_word' id='word_1_173' title='bbox 1026 1906 1219 1958; x_wconf 92' lang='lat' dir='ltr'>bonum</span> <span class='ocrx_word' id='word_1_174' title='bbox 1245 1905 1541 1958; x_wconf 89' lang='lat' dir='ltr'>mouebitur</span> <span class='ocrx_word' id='word_1_175' title='bbox 1566 1905 1804 1957; x_wconf 90' lang='lat' dir='ltr'>ueritate.</span> 
     </span>
    </p>

    <p class='ocr_par' dir='ltr' id='par_1_12' title="bbox 254 1991 2195 2059">
     <span class='ocr_line' id='line_1_24' title="bbox 254 1991 2195 2059; baseline 0.001 -17"><span class='ocrx_word' id='word_1_176' title='bbox 254 1993 284 2043; x_wconf 78' lang='lat'><strong>3</strong></span> <span class='ocrx_word' id='word_1_177' title='bbox 374 1991 567 2043; x_wconf 77' lang='lat' dir='ltr'>Dixisti</span> <span class='ocrx_word' id='word_1_178' title='bbox 593 2007 682 2059; x_wconf 91' lang='lat' dir='ltr'>per</span> <span class='ocrx_word' id='word_1_179' title='bbox 708 2006 797 2043; x_wconf 92' lang='lat' dir='ltr'>nos</span> <span class='ocrx_word' id='word_1_180' title='bbox 824 1991 933 2043; x_wconf 88' lang='lat' dir='ltr'>fieri</span> <span class='ocrx_word' id='word_1_181' title='bbox 961 1992 1011 2043; x_wconf 92' lang='lat' dir='ltr'>et</span> <span class='ocrx_word' id='word_1_182' title='bbox 1038 1991 1172 2057; x_wconf 89' lang='lat' dir='ltr'>quod</span> <span class='ocrx_word' id='word_1_183' title='bbox 1198 1991 1345 2043; x_wconf 91' lang='lat' dir='ltr'>nobis</span> <span class='ocrx_word' id='word_1_184' title='bbox 1374 1992 1593 2044; x_wconf 90' lang='lat' dir='ltr'>debeant</span> <span class='ocrx_word' id='word_1_185' title='bbox 1619 1991 1847 2058; x_wconf 87' lang='lat' dir='ltr'>inputari</span> <span class='ocrx_word' id='word_1_186' title='bbox 1887 1991 2058 2044; x_wconf 86' lang='lat' dir='ltr'>omnia</span> <span class='ocrx_word' id='word_1_187' title='bbox 2092 1991 2195 2044; x_wconf 90' lang='lat' dir='ltr'>ista</span> 
     </span>
    </p>
   </div>
   <div class='ocr_carea' id='block_1_12' title="bbox 303 2074 2332 2146">
    <p class='ocr_par' dir='ltr' id='par_1_13' title="bbox 303 2074 2332 2146">
     <span class='ocr_line' id='line_1_25' title="bbox 303 2074 2332 2146; baseline 0 -16"><span class='ocrx_word' id='word_1_188' title='bbox 303 2079 489 2145; x_wconf 90' lang='lat' dir='ltr'>quibus</span> <span class='ocrx_word' id='word_1_189' title='bbox 534 2095 668 2130; x_wconf 90' lang='lat' dir='ltr'>nunc</span> <span class='ocrx_word' id='word_1_190' title='bbox 716 2078 940 2130; x_wconf 90' lang='lat' dir='ltr'>mundus</span> <span class='ocrx_word' id='word_1_191' title='bbox 986 2078 1218 2144; x_wconf 88' lang='lat' dir='ltr'>quatitur</span> <span class='ocrx_word' id='word_1_192' title='bbox 1262 2079 1312 2130; x_wconf 81' lang='lat' dir='ltr'>et</span> <span class='ocrx_word' id='word_1_193' title='bbox 1357 2079 1633 2146; x_wconf 80' lang='lat' dir='ltr'>urguetur,</span> <span class='ocrx_word' id='word_1_194' title='bbox 1675 2079 1810 2145; x_wconf 90' lang='lat' dir='ltr'>quod</span> <span class='ocrx_word' id='word_1_195' title='bbox 1849 2078 1923 2130; x_wconf 90' lang='lat' dir='ltr'>dii</span> <span class='ocrx_word' id='word_1_196' title='bbox 1962 2079 2122 2131; x_wconf 87' lang='lat' dir='ltr'>uestri</span> <span class='ocrx_word' id='word_1_197' title='bbox 2162 2082 2259 2131; x_wconf 78' lang='lat' dir='ltr'>a20·</span> <span class='ocrx_word' id='word_1_198' title='bbox 2329 2074 2332 2080; x_wconf 78' lang='grc'><strong>’</strong></span> 
     </span>
    </p>
   </div>
   <div class='ocr_carea' id='block_1_13' title="bbox 298 2164 2247 2841">
    <p class='ocr_par' dir='ltr' id='par_1_14' title="bbox 298 2164 2247 2841">
     <span class='ocr_line' id='line_1_26' title="bbox 301 2164 2194 2233; baseline 0 -16"><span class='ocrx_word' id='word_1_199' title='bbox 301 2164 447 2217; x_wconf 88' lang='lat' dir='ltr'>nobis</span> <span class='ocrx_word' id='word_1_200' title='bbox 486 2179 585 2216; x_wconf 92' lang='lat' dir='ltr'>non</span> <span class='ocrx_word' id='word_1_201' title='bbox 624 2164 868 2217; x_wconf 87' lang='lat' dir='ltr'>colantur.</span> <span class='ocrx_word' id='word_1_202' title='bbox 911 2180 1011 2231; x_wconf 89' lang='lat' dir='ltr'>qua</span> <span class='ocrx_word' id='word_1_203' title='bbox 1045 2164 1099 2216; x_wconf 91' lang='lat' dir='ltr'>in</span> <span class='ocrx_word' id='word_1_204' title='bbox 1133 2164 1278 2230; x_wconf 87' lang='lat' dir='ltr'>parte</span> <span class='ocrx_word' id='word_1_205' title='bbox 1305 2165 1393 2231; x_wconf 86' lang='lat' dir='ltr'>qui</span> <span class='ocrx_word' id='word_1_206' title='bbox 1419 2164 1630 2232; x_wconf 89' lang='lat' dir='ltr'>ignarus</span> <span class='ocrx_word' id='word_1_207' title='bbox 1658 2166 1861 2217; x_wconf 88' lang='lat' dir='ltr'>diuinae</span> <span class='ocrx_word' id='word_1_208' title='bbox 1889 2165 2194 2233; x_wconf 85' lang='lat' dir='ltr'>cognitionis</span> 
     </span>
     <span class='ocr_line' id='line_1_27' title="bbox 303 2249 2192 2317; baseline 0.004 -15"><span class='ocrx_word' id='word_1_209' title='bbox 303 2251 354 2303; x_wconf 93' lang='lat' dir='ltr'>et</span> <span class='ocrx_word' id='word_1_210' title='bbox 397 2250 634 2302; x_wconf 88' lang='lat' dir='ltr'>ueritatis</span> <span class='ocrx_word' id='word_1_211' title='bbox 680 2250 875 2302; x_wconf 88' lang='lat' dir='ltr'>alienus</span> <span class='ocrx_word' id='word_1_212' title='bbox 920 2265 972 2301; x_wconf 90' lang='lat' dir='ltr'>es</span> <span class='ocrx_word' id='word_1_213' title='bbox 1017 2249 1150 2301; x_wconf 90' lang='lat' dir='ltr'>illud</span> <span class='ocrx_word' id='word_1_214' title='bbox 1190 2250 1357 2317; x_wconf 86' lang='lat' dir='ltr'>primo</span> <span class='ocrx_word' id='word_1_215' title='bbox 1402 2250 1458 2302; x_wconf 91' lang='lat' dir='ltr'>in</span> <span class='ocrx_word' id='word_1_216' title='bbox 1492 2252 1603 2303; x_wconf 91' lang='lat' dir='ltr'>loco</span> <span class='ocrx_word' id='word_1_217' title='bbox 1630 2251 1758 2303; x_wconf 89' lang='lat' dir='ltr'>scire</span> <span class='ocrx_word' id='word_1_218' title='bbox 1785 2252 1936 2304; x_wconf 89' lang='lat' dir='ltr'>debes</span> <span class='ocrx_word' id='word_1_219' title='bbox 1964 2253 2192 2310; x_wconf 91' lang='lat' dir='ltr'>senuisse</span> 
     </span>
     <span class='ocr_line' id='line_1_28' title="bbox 301 2336 2191 2406; baseline 0.005 -18"><span class='ocrx_word' id='word_1_220' title='bbox 301 2336 407 2389; x_wconf 91' lang='lat' dir='ltr'>iam</span> <span class='ocrx_word' id='word_1_221' title='bbox 434 2337 720 2401; x_wconf 79' lang='lat' dir='ltr'>saeculum,</span> <span class='ocrx_word' id='word_1_222' title='bbox 760 2353 860 2390; x_wconf 90' lang='lat' dir='ltr'>non</span> <span class='ocrx_word' id='word_1_223' title='bbox 900 2336 1008 2389; x_wconf 90' lang='lat' dir='ltr'>illis</span> <span class='ocrx_word' id='word_1_224' title='bbox 1047 2336 1248 2389; x_wconf 89' lang='lat' dir='ltr'>uiribus</span> <span class='ocrx_word' id='word_1_225' title='bbox 1289 2338 1424 2390; x_wconf 90' lang='lat' dir='ltr'>stare</span> <span class='ocrx_word' id='word_1_226' title='bbox 1464 2338 1649 2404; x_wconf 90' lang='lat' dir='ltr'>quibus</span> <span class='ocrx_word' id='word_1_227' title='bbox 1687 2340 1830 2406; x_wconf 87' lang='lat' dir='ltr'>prius</span> <span class='ocrx_word' id='word_1_228' title='bbox 1857 2341 2072 2394; x_wconf 87' lang='lat' dir='ltr'>steterat</span> <span class='ocrx_word' id='word_1_229' title='bbox 2097 2360 2191 2397; x_wconf 91' lang='lat' dir='ltr'>nec</span> 
     </span>
     <span class='ocr_line' id='line_1_29' title="bbox 301 2423 2188 2492; baseline 0.004 -17"><span class='ocrx_word' id='word_1_230' title='bbox 301 2424 478 2492; x_wconf 89' lang='lat' dir='ltr'>uigore</span> <span class='ocrx_word' id='word_1_231' title='bbox 523 2425 574 2476; x_wconf 89' lang='lat' dir='ltr'>et</span> <span class='ocrx_word' id='word_1_232' title='bbox 611 2424 788 2476; x_wconf 86' lang='lat' dir='ltr'>robore</span> <span class='ocrx_word' id='word_1_233' title='bbox 832 2424 942 2490; x_wconf 91' lang='lat' dir='ltr'>ipso</span> <span class='ocrx_word' id='word_1_234' title='bbox 988 2423 1160 2475; x_wconf 87' lang='lat' dir='ltr'>ualere</span> <span class='ocrx_word' id='word_1_235' title='bbox 1203 2438 1301 2490; x_wconf 89' lang='lat' dir='ltr'>quo</span> <span class='ocrx_word' id='word_1_236' title='bbox 1329 2424 1481 2476; x_wconf 88' lang='lat' dir='ltr'>antea</span> <span class='ocrx_word' id='word_1_237' title='bbox 1507 2425 1852 2489; x_wconf 87' lang='lat' dir='ltr'>praeualebat.</span> <span class='ocrx_word' id='word_1_238' title='bbox 1894 2427 1987 2480; x_wconf 88' lang='lat' dir='ltr'>hoo</span> <span class='ocrx_word' id='word_1_239' title='bbox 2031 2430 2188 2483; x_wconf 87' lang='lat' dir='ltr'>etiam</span> 
     </span>
     <span class='ocr_line' id='line_1_30' title="bbox 299 2509 2247 2584; baseline 0.004 -22"><span class='ocrx_word' id='word_1_240' title='bbox 299 2510 446 2563; x_wconf 91' lang='lat' dir='ltr'>nobis</span> <span class='ocrx_word' id='word_1_241' title='bbox 472 2510 764 2563; x_wconf 86' lang='lat' dir='ltr'>tacentibus</span> <span class='ocrx_word' id='word_1_242' title='bbox 792 2511 843 2562; x_wconf 92' lang='lat' dir='ltr'>et</span> <span class='ocrx_word' id='word_1_243' title='bbox 868 2510 1012 2562; x_wconf 88' lang='lat' dir='ltr'>nulla</span> <span class='ocrx_word' id='word_1_244' title='bbox 1034 2509 1094 2562; x_wconf 88' lang='lat' dir='ltr'>de</span> <span class='ocrx_word' id='word_1_245' title='bbox 1116 2510 1385 2577; x_wconf 88' lang='lat' dir='ltr'>scripturis</span> <span class='ocrx_word' id='word_1_246' title='bbox 1408 2511 1599 2562; x_wconf 88' lang='lat' dir='ltr'>sanctis</span> <span class='ocrx_word' id='word_1_247' title='bbox 1619 2512 2187 2584; x_wconf 88' lang='lat' dir='ltr'>praedicationibusque</span> <span class='ocrx_word' id='word_1_248' title='bbox 2205 2522 2247 2555; x_wconf 81' lang='lat'>2⁵</span> 
     </span>
     <span class='ocr_line' id='line_1_31' title="bbox 300 2596 2187 2666; baseline 0.004 -18"><span class='ocrx_word' id='word_1_249' title='bbox 300 2596 491 2648; x_wconf 88' lang='lat' dir='ltr'>diuinis</span> <span class='ocrx_word' id='word_1_250' title='bbox 530 2597 837 2649; x_wconf 87' lang='lat' dir='ltr'>documenta</span> <span class='ocrx_word' id='word_1_251' title='bbox 871 2596 1226 2664; x_wconf 87' lang='lat' dir='ltr'>promentibus</span> <span class='ocrx_word' id='word_1_252' title='bbox 1252 2596 1475 2649; x_wconf 88' lang='lat' dir='ltr'>mundus</span> <span class='ocrx_word' id='word_1_253' title='bbox 1502 2596 1610 2663; x_wconf 89' lang='lat' dir='ltr'>ipse</span> <span class='ocrx_word' id='word_1_254' title='bbox 1637 2597 1743 2650; x_wconf 88' lang='lat' dir='ltr'>iam</span> <span class='ocrx_word' id='word_1_255' title='bbox 1768 2599 1999 2666; x_wconf 89' lang='lat' dir='ltr'>loquitur</span> <span class='ocrx_word' id='word_1_256' title='bbox 2025 2603 2076 2654; x_wconf 89' lang='lat' dir='ltr'>et</span> <span class='ocrx_word' id='word_1_257' title='bbox 2102 2617 2187 2656; x_wconf 91' lang='lat' dir='ltr'>oc-</span> 
     </span>
     <span class='ocr_line' id='line_1_32' title="bbox 300 2682 2188 2750; baseline 0.003 -14"><span class='ocrx_word' id='word_1_258' title='bbox 300 2699 474 2737; x_wconf 90' lang='lat' dir='ltr'>casum</span> <span class='ocrx_word' id='word_1_259' title='bbox 501 2684 580 2736; x_wconf 93' lang='lat' dir='ltr'>sui</span> <span class='ocrx_word' id='word_1_260' title='bbox 608 2700 779 2736; x_wconf 89' lang='lat' dir='ltr'>rerum</span> <span class='ocrx_word' id='word_1_261' title='bbox 805 2682 1096 2735; x_wconf 89' lang='lat' dir='ltr'>labentium</span> <span class='ocrx_word' id='word_1_262' title='bbox 1133 2683 1433 2750; x_wconf 88' lang='lat' dir='ltr'>probatione</span> <span class='ocrx_word' id='word_1_263' title='bbox 1470 2685 1710 2737; x_wconf 90' lang='lat' dir='ltr'>testatur.</span> <span class='ocrx_word' id='word_1_264' title='bbox 1748 2700 1848 2738; x_wconf 93' lang='lat' dir='ltr'>non</span> <span class='ocrx_word' id='word_1_265' title='bbox 1885 2687 2053 2741; x_wconf 90' lang='lat' dir='ltr'>hieme</span> <span class='ocrx_word' id='word_1_266' title='bbox 2091 2706 2188 2742; x_wconf 93' lang='lat' dir='ltr'>nu-</span> 
     </span>
     <span class='ocr_line' id='line_1_33' title="bbox 298 2770 2185 2841; baseline 0.003 -19"><span class='ocrx_word' id='word_1_267' title='bbox 298 2770 513 2822; x_wconf 86' lang='lat' dir='ltr'>triendis</span> <span class='ocrx_word' id='word_1_268' title='bbox 541 2770 821 2822; x_wconf 89' lang='lat' dir='ltr'>seminibus</span> <span class='ocrx_word' id='word_1_269' title='bbox 850 2770 999 2822; x_wconf 88' lang='lat' dir='ltr'>tanta</span> <span class='ocrx_word' id='word_1_270' title='bbox 1024 2770 1274 2822; x_wconf 90' lang='lat' dir='ltr'>imbrium</span> <span class='ocrx_word' id='word_1_271' title='bbox 1301 2770 1448 2838; x_wconf 89' lang='lat' dir='ltr'>copia</span> <span class='ocrx_word' id='word_1_272' title='bbox 1474 2771 1576 2833; x_wconf 80' lang='lat' dir='ltr'>est,</span> <span class='ocrx_word' id='word_1_273' title='bbox 1603 2785 1702 2823; x_wconf 89' lang='lat' dir='ltr'>non</span> <span class='ocrx_word' id='word_1_274' title='bbox 1729 2770 1966 2841; x_wconf 88' lang='lat' dir='ltr'>frugibus</span> <span class='ocrx_word' id='word_1_275' title='bbox 1992 2775 2185 2828; x_wconf 89' lang='lat' dir='ltr'>aestate</span> 
     </span>
    </p>
   </div>
   <div class='ocr_carea' id='block_1_14' title="bbox 293 2982 2186 3677">
    <p class='ocr_par' dir='ltr' id='par_1_15' title="bbox 293 2982 2186 3677">
     <span class='ocr_line' id='line_1_34' title="bbox 385 2982 2183 3043; baseline 0.003 -18"><span class='ocrx_word' id='word_1_276' title='bbox 385 2983 409 3025; x_wconf 89' lang='lat'>1</span> <span class='ocrx_word' id='word_1_277' title='bbox 440 2983 596 3026; x_wconf 91' lang='lat' dir='ltr'>fluctos</span> <span class='ocrx_word' id='word_1_278' title='bbox 618 2983 683 3026; x_wconf 75' lang='grc' dir='ltr'>Β·</span> <span class='ocrx_word' id='word_1_279' title='bbox 808 2983 836 3025; x_wconf 99' lang='grc'>2</span> <span class='ocrx_word' id='word_1_280' title='bbox 867 2982 1050 3026; x_wconf 86' lang='lat' dir='ltr'>affectus</span> <span class='ocrx_word' id='word_1_281' title='bbox 1073 2984 1153 3027; x_wconf 86' lang='lat' dir='ltr'>W¹</span> <span class='ocrx_word' id='word_1_282' title='bbox 1281 2983 1430 3027; x_wconf 85' lang='lat' dir='ltr'>efferre</span> <span class='ocrx_word' id='word_1_283' title='bbox 1457 2985 1521 3028; x_wconf 90' lang='lat' dir='ltr'><em>W</em></span> <span class='ocrx_word' id='word_1_284' title='bbox 1634 2985 1663 3028; x_wconf 85' lang='lat'>4</span> <span class='ocrx_word' id='word_1_285' title='bbox 1692 2988 1841 3040; x_wconf 89' lang='lat' dir='ltr'>posset</span> <span class='ocrx_word' id='word_1_286' title='bbox 1864 2987 1994 3030; x_wconf 89' lang='lat' dir='ltr'>W¹B</span> <span class='ocrx_word' id='word_1_287' title='bbox 2022 2986 2183 3043; x_wconf 88' lang='lat' dir='ltr'>(possit</span> 
     </span>
     <span class='ocr_line' id='line_1_35' title="bbox 295 3054 2184 3115; baseline 0.003 -18"><span class='ocrx_word' id='word_1_288' title='bbox 295 3054 455 3098; x_wconf 92' lang='lat' dir='ltr'>brutus</span> <span class='ocrx_word' id='word_1_289' title='bbox 476 3055 552 3109; x_wconf 89' lang='lat' dir='ltr'>M)</span> <span class='ocrx_word' id='word_1_290' title='bbox 668 3055 815 3098; x_wconf 88' lang='lat' dir='ltr'>lumen</span> <span class='ocrx_word' id='word_1_291' title='bbox 838 3054 970 3111; x_wconf 72' lang='lat' dir='ltr'>adm]</span> <span class='ocrx_word' id='word_1_292' title='bbox 994 3055 1145 3099; x_wconf 90' lang='lat' dir='ltr'>uidere</span> <span class='ocrx_word' id='word_1_293' title='bbox 1167 3056 1226 3099; x_wconf 91' lang='lat' dir='ltr'><em>M</em></span> <span class='ocrx_word' id='word_1_294' title='bbox 1336 3056 1364 3099; x_wconf 83' lang='lat'>5</span> <span class='ocrx_word' id='word_1_295' title='bbox 1393 3055 1659 3111; x_wconf 89' lang='lat' dir='ltr'>patientiam</span> <span class='ocrx_word' id='word_1_296' title='bbox 1679 3058 1739 3101; x_wconf 93' lang='lat' dir='ltr'><em>M</em></span> <span class='ocrx_word' id='word_1_297' title='bbox 1747 3058 1812 3101; x_wconf 83' lang='lat' dir='ltr'>¹R</span> <span class='ocrx_word' id='word_1_298' title='bbox 1943 3059 1969 3101; x_wconf 90' lang='grc'>6</span> <span class='ocrx_word' id='word_1_299' title='bbox 2000 3060 2184 3115; x_wconf 89' lang='lat' dir='ltr'>compri-</span> 
     </span>
     <span class='ocr_line' id='line_1_36' title="bbox 295 3126 2184 3185; baseline 0.002 -15"><span class='ocrx_word' id='word_1_300' title='bbox 295 3140 461 3170; x_wconf 89' lang='lat' dir='ltr'>merem</span> <span class='ocrx_word' id='word_1_301' title='bbox 480 3151 530 3159; x_wconf 92' lang='lat'>—</span> <span class='ocrx_word' id='word_1_302' title='bbox 551 3126 801 3170; x_wconf 88' lang='lat' dir='ltr'>cohiberem</span> <span class='ocrx_word' id='word_1_303' title='bbox 829 3127 892 3171; x_wconf 92' lang='lat' dir='ltr'><em>W</em></span> <span class='ocrx_word' id='word_1_304' title='bbox 1018 3129 1045 3170; x_wconf 86' lang='lat'><em>8</em></span> <span class='ocrx_word' id='word_1_305' title='bbox 1077 3130 1121 3170; x_wconf 90' lang='lat' dir='ltr'>et</span> <span class='ocrx_word' id='word_1_306' title='bbox 1142 3141 1222 3171; x_wconf 84' lang='lat' dir='ltr'>om.</span> <span class='ocrx_word' id='word_1_307' title='bbox 1247 3128 1332 3172; x_wconf 86' lang='lat' dir='ltr'>Mv</span> <span class='ocrx_word' id='word_1_308' title='bbox 1434 3128 1461 3171; x_wconf 88' lang='lat'>9</span> <span class='ocrx_word' id='word_1_309' title='bbox 1493 3128 1672 3172; x_wconf 90' lang='lat' dir='ltr'>seuiunt</span> <span class='ocrx_word' id='word_1_310' title='bbox 1698 3130 1762 3173; x_wconf 93' lang='lat' dir='ltr'><em>W</em></span> <span class='ocrx_word' id='word_1_311' title='bbox 1847 3132 1997 3185; x_wconf 88' lang='lat' dir='ltr'>quotq.</span> <span class='ocrx_word' id='word_1_312' title='bbox 2018 3130 2184 3173; x_wconf 88' lang='lat' dir='ltr'>imbres</span> 
     </span>
     <span class='ocr_line' id='line_1_37' title="bbox 296 3198 2183 3257; baseline 0.002 -15"><span class='ocrx_word' id='word_1_313' title='bbox 296 3199 364 3252; x_wconf 92' lang='lat' dir='ltr'>B,</span> <span class='ocrx_word' id='word_1_314' title='bbox 396 3198 558 3242; x_wconf 88' lang='lat' dir='ltr'>imbres</span> <span class='ocrx_word' id='word_1_315' title='bbox 581 3212 754 3254; x_wconf 90' lang='lat' dir='ltr'>quoque</span> <span class='ocrx_word' id='word_1_316' title='bbox 775 3200 837 3243; x_wconf 90' lang='lat' dir='ltr'><em>M</em></span> <span class='ocrx_word' id='word_1_317' title='bbox 950 3199 1132 3255; x_wconf 86' lang='lat' dir='ltr'>pluuiae</span> <span class='ocrx_word' id='word_1_318' title='bbox 1154 3200 1216 3244; x_wconf 91' lang='lat' dir='ltr'><em>M</em></span> <span class='ocrx_word' id='word_1_319' title='bbox 1350 3200 1405 3243; x_wconf 83' lang='lat'>12</span> <span class='ocrx_word' id='word_1_320' title='bbox 1434 3199 1644 3255; x_wconf 84' lang='lat' dir='ltr'>refutare]</span> <span class='ocrx_word' id='word_1_321' title='bbox 1667 3202 1876 3256; x_wconf 90' lang='lat' dir='ltr'>reputare</span> <span class='ocrx_word' id='word_1_322' title='bbox 1898 3207 2183 3257; x_wconf 73' lang='lat' dir='ltr'>expunctum</span> 
     </span>
     <span class='ocr_line' id='line_1_38' title="bbox 294 3270 2105 3332; baseline 0.002 -18"><span class='ocrx_word' id='word_1_323' title='bbox 294 3271 348 3314; x_wconf 75' lang='lat' dir='ltr'>in</span> <span class='ocrx_word' id='word_1_324' title='bbox 370 3271 416 3315; x_wconf 89' lang='lat' dir='ltr'><em>R</em></span> <span class='ocrx_word' id='word_1_325' title='bbox 505 3271 561 3314; x_wconf 88' lang='lat'>14</span> <span class='ocrx_word' id='word_1_326' title='bbox 591 3271 798 3314; x_wconf 85' lang='lat' dir='ltr'>forsitam</span> <span class='ocrx_word' id='word_1_327' title='bbox 822 3271 867 3314; x_wconf 91' lang='lat' dir='ltr'><em>B</em></span> <span class='ocrx_word' id='word_1_328' title='bbox 973 3271 1081 3327; x_wconf 89' lang='lat' dir='ltr'>tuis]</span> <span class='ocrx_word' id='word_1_329' title='bbox 1106 3271 1197 3314; x_wconf 88' lang='lat' dir='ltr'>suis</span> <span class='ocrx_word' id='word_1_330' title='bbox 1221 3271 1267 3315; x_wconf 87' lang='lat' dir='ltr'><em>R</em></span> <span class='ocrx_word' id='word_1_331' title='bbox 1375 3272 1430 3314; x_wconf 85' lang='lat'>15</span> <span class='ocrx_word' id='word_1_332' title='bbox 1458 3270 1627 3332; x_wconf 86' lang='lat' dir='ltr'>radices</span> <span class='ocrx_word' id='word_1_333' title='bbox 1648 3272 1694 3317; x_wconf 86' lang='lat' dir='ltr'><em>R</em></span> <span class='ocrx_word' id='word_1_334' title='bbox 1800 3273 1956 3329; x_wconf 87' lang='lat' dir='ltr'>adque]</span> <span class='ocrx_word' id='word_1_335' title='bbox 1978 3275 2024 3316; x_wconf 89' lang='lat' dir='ltr'>et</span> <span class='ocrx_word' id='word_1_336' title='bbox 2040 3273 2105 3318; x_wconf 93' lang='lat' dir='ltr'><em>M</em></span> 
     </span>
     <span class='ocr_line' id='line_1_39' title="bbox 294 3343 2184 3400; baseline 0.002 -15"><span class='ocrx_word' id='word_1_337' title='bbox 294 3343 350 3385; x_wconf 88' lang='grc'>16</span> <span class='ocrx_word' id='word_1_338' title='bbox 381 3343 451 3386; x_wconf 89' lang='lat' dir='ltr'>tui</span> <span class='ocrx_word' id='word_1_339' title='bbox 467 3343 538 3395; x_wconf 91' lang='lat' dir='ltr'>M,</span> <span class='ocrx_word' id='word_1_340' title='bbox 558 3344 664 3386; x_wconf 86' lang='lat' dir='ltr'>tuae</span> <span class='ocrx_word' id='word_1_341' title='bbox 681 3343 881 3397; x_wconf 83' lang='lat' dir='ltr'><em>WRBv;</em></span> <span class='ocrx_word' id='word_1_342' title='bbox 906 3343 966 3397; x_wconf 78' lang='lat' dir='ltr'>cf.</span> <span class='ocrx_word' id='word_1_343' title='bbox 989 3343 1016 3386; x_wconf 77' lang='lat' dir='ltr'>l.</span> <span class='ocrx_word' id='word_1_344' title='bbox 1035 3346 1095 3386; x_wconf 81' lang='lat'>27</span> <span class='ocrx_word' id='word_1_345' title='bbox 1116 3348 1158 3385; x_wconf 80' lang='lat' dir='ltr'>et</span> <span class='ocrx_word' id='word_1_346' title='bbox 1178 3343 1234 3386; x_wconf 76' lang='lat' dir='ltr'>de</span> <span class='ocrx_word' id='word_1_347' title='bbox 1253 3343 1432 3387; x_wconf 79' lang='lat' dir='ltr'>mortal.</span> <span class='ocrx_word' id='word_1_348' title='bbox 1456 3357 1491 3387; x_wconf 85' lang='lat' dir='ltr'>c.</span> <span class='ocrx_word' id='word_1_349' title='bbox 1509 3347 1566 3386; x_wconf 82' lang='lat'>25</span> <span class='ocrx_word' id='word_1_350' title='bbox 1673 3344 1726 3387; x_wconf 85' lang='grc'>17</span> <span class='ocrx_word' id='word_1_351' title='bbox 1758 3344 1931 3387; x_wconf 87' lang='lat' dir='ltr'>ratione</span> <span class='ocrx_word' id='word_1_352' title='bbox 1952 3344 1999 3389; x_wconf 81' lang='lat' dir='ltr'><em>R</em></span> <span class='ocrx_word' id='word_1_353' title='bbox 2106 3345 2184 3400; x_wconf 90' lang='lat' dir='ltr'>qui</span> 
     </span>
     <span class='ocr_line' id='line_1_40' title="bbox 295 3414 2186 3471; baseline 0.002 -14"><span class='ocrx_word' id='word_1_354' title='bbox 295 3414 351 3457; x_wconf 87' lang='lat' dir='ltr'>ad</span> <span class='ocrx_word' id='word_1_355' title='bbox 375 3415 432 3458; x_wconf 84' lang='lat' dir='ltr'>ab</span> <span class='ocrx_word' id='word_1_356' title='bbox 452 3415 522 3458; x_wconf 81' lang='lat' dir='ltr'>his</span> <span class='ocrx_word' id='word_1_357' title='bbox 541 3414 709 3470; x_wconf 75' lang='lat' dir='ltr'>incipit</span> <span class='ocrx_word' id='word_1_358' title='bbox 732 3414 769 3458; x_wconf 80' lang='lat' dir='ltr'><strong><em>S</em></strong></span> <span class='ocrx_word' id='word_1_359' title='bbox 872 3415 927 3457; x_wconf 88' lang='grc'>18</span> <span class='ocrx_word' id='word_1_360' title='bbox 957 3414 1188 3458; x_wconf 89' lang='lat' dir='ltr'>fallentem</span> <span class='ocrx_word' id='word_1_361' title='bbox 1211 3416 1257 3459; x_wconf 84' lang='lat' dir='ltr'><em>R</em></span> <span class='ocrx_word' id='word_1_362' title='bbox 1392 3416 1586 3459; x_wconf 87' lang='lat' dir='ltr'>ueritate</span> <span class='ocrx_word' id='word_1_363' title='bbox 1607 3417 1791 3471; x_wconf 86' lang='lat' dir='ltr'>cogente</span> <span class='ocrx_word' id='word_1_364' title='bbox 1811 3429 1838 3458; x_wconf 81' lang='lat' dir='ltr'><strong><em>v</em></strong></span> <span class='ocrx_word' id='word_1_365' title='bbox 1963 3416 2017 3460; x_wconf 88' lang='lat'>19</span> <span class='ocrx_word' id='word_1_366' title='bbox 2049 3417 2095 3458; x_wconf 85' lang='lat' dir='ltr'>et</span> <span class='ocrx_word' id='word_1_367' title='bbox 2122 3416 2186 3460; x_wconf 88' lang='lat' dir='ltr'><em>W</em></span> 
     </span>
     <span class='ocr_line' id='line_1_41' title="bbox 293 3486 2181 3543; baseline 0.001 -13"><span class='ocrx_word' id='word_1_368' title='bbox 293 3500 327 3530; x_wconf 86' lang='lat' dir='ltr'>s.</span> <span class='ocrx_word' id='word_1_369' title='bbox 345 3487 373 3530; x_wconf 75' lang='lat' dir='ltr'>l.</span> <span class='ocrx_word' id='word_1_370' title='bbox 389 3500 445 3530; x_wconf 87' lang='lat' dir='ltr'>m.</span> <span class='ocrx_word' id='word_1_371' title='bbox 462 3490 493 3532; x_wconf 80' lang='lat'><strong><em>2</em></strong></span> <span class='ocrx_word' id='word_1_372' title='bbox 597 3487 654 3530; x_wconf 90' lang='grc'>21</span> <span class='ocrx_word' id='word_1_373' title='bbox 685 3486 762 3542; x_wconf 92' lang='lat' dir='ltr'>qui</span> <span class='ocrx_word' id='word_1_374' title='bbox 786 3486 886 3538; x_wconf 77' lang='lat' dir='ltr'>SR,</span> <span class='ocrx_word' id='word_1_375' title='bbox 919 3486 1026 3542; x_wconf 83' lang='lat' dir='ltr'>quia</span> <span class='ocrx_word' id='word_1_376' title='bbox 1053 3500 1102 3537; x_wconf 84' lang='lat' dir='ltr'>v,</span> <span class='ocrx_word' id='word_1_377' title='bbox 1133 3488 1211 3542; x_wconf 88' lang='lat' dir='ltr'>qui</span> <span class='ocrx_word' id='word_1_378' title='bbox 1232 3488 1294 3530; x_wconf 92' lang='lat' dir='ltr'>sic</span> <span class='ocrx_word' id='word_1_379' title='bbox 1316 3501 1373 3532; x_wconf 79' lang='lat' dir='ltr'>ex</span> <span class='ocrx_word' id='word_1_380' title='bbox 1393 3487 1512 3543; x_wconf 89' lang='lat' dir='ltr'>quisi</span> <span class='ocrx_word' id='word_1_381' title='bbox 1538 3488 1603 3532; x_wconf 93' lang='lat' dir='ltr'><em>W</em></span> <span class='ocrx_word' id='word_1_382' title='bbox 1618 3500 1675 3531; x_wconf 87' lang='lat' dir='ltr'>m.</span> <span class='ocrx_word' id='word_1_383' title='bbox 1691 3492 1722 3531; x_wconf 82' lang='lat'><strong><em>2</em></strong></span> <span class='ocrx_word' id='word_1_384' title='bbox 1807 3488 1864 3531; x_wconf 83' lang='lat'>23</span> <span class='ocrx_word' id='word_1_385' title='bbox 1895 3488 2116 3532; x_wconf 90' lang='lat' dir='ltr'>saeculum</span> <span class='ocrx_word' id='word_1_386' title='bbox 2134 3486 2181 3540; x_wconf 78' lang='lat' dir='ltr'>S,</span> 
     </span>
     <span class='ocr_line' id='line_1_42' title="bbox 293 3558 2184 3617; baseline 0.001 -15"><span class='ocrx_word' id='word_1_387' title='bbox 293 3559 507 3603; x_wconf 88' lang='lat' dir='ltr'>mundum</span> <span class='ocrx_word' id='word_1_388' title='bbox 531 3559 668 3604; x_wconf 86' lang='lat' dir='ltr'>WRv</span> <span class='ocrx_word' id='word_1_389' title='bbox 784 3559 842 3602; x_wconf 88' lang='grc'>24</span> <span class='ocrx_word' id='word_1_390' title='bbox 870 3558 984 3615; x_wconf 90' lang='lat' dir='ltr'>ipso]</span> <span class='ocrx_word' id='word_1_391' title='bbox 1001 3571 1049 3602; x_wconf 90' lang='lat' dir='ltr'>eo</span> <span class='ocrx_word' id='word_1_392' title='bbox 1070 3571 1096 3602; x_wconf 87' lang='lat' dir='ltr'><em>v</em></span> <span class='ocrx_word' id='word_1_393' title='bbox 1212 3561 1316 3603; x_wconf 87' lang='lat' dir='ltr'>ante</span> <span class='ocrx_word' id='word_1_394' title='bbox 1343 3560 1453 3605; x_wconf 86' lang='lat' dir='ltr'>WR</span> <span class='ocrx_word' id='word_1_395' title='bbox 1567 3560 1625 3603; x_wconf 83' lang='lat'>25</span> <span class='ocrx_word' id='word_1_396' title='bbox 1643 3559 2049 3617; x_wconf 85' lang='lat' dir='ltr'>praedicationibus</span> <span class='ocrx_word' id='word_1_397' title='bbox 2069 3572 2184 3616; x_wconf 87' lang='lat' dir='ltr'>quae</span> 
     </span>
     <span class='ocr_line' id='line_1_43' title="bbox 295 3630 1449 3677; baseline 0 -1"><span class='ocrx_word' id='word_1_398' title='bbox 295 3631 377 3676; x_wconf 78' lang='lat' dir='ltr'>SR</span> <span class='ocrx_word' id='word_1_399' title='bbox 462 3631 519 3675; x_wconf 92' lang='grc'>26</span> <span class='ocrx_word' id='word_1_400' title='bbox 539 3632 630 3674; x_wconf 90' lang='lat' dir='ltr'>iam</span> <span class='ocrx_word' id='word_1_401' title='bbox 650 3644 737 3675; x_wconf 92' lang='lat' dir='ltr'>non</span> <span class='ocrx_word' id='word_1_402' title='bbox 759 3632 839 3677; x_wconf 87' lang='lat' dir='ltr'>W·</span> <span class='ocrx_word' id='word_1_403' title='bbox 938 3631 993 3674; x_wconf 83' lang='lat'>27</span> <span class='ocrx_word' id='word_1_404' title='bbox 1025 3631 1096 3674; x_wconf 88' lang='lat' dir='ltr'>sui</span> <span class='ocrx_word' id='word_1_405' title='bbox 1117 3643 1172 3674; x_wconf 77' lang='lat' dir='ltr'>ex</span> <span class='ocrx_word' id='word_1_406' title='bbox 1192 3630 1241 3674; x_wconf 89' lang='lat' dir='ltr'>ui</span> <span class='ocrx_word' id='word_1_407' title='bbox 1262 3632 1327 3676; x_wconf 91' lang='lat' dir='ltr'><em>W</em></span> <span class='ocrx_word' id='word_1_408' title='bbox 1344 3645 1399 3675; x_wconf 88' lang='lat' dir='ltr'>m.</span> <span class='ocrx_word' id='word_1_409' title='bbox 1419 3635 1449 3676; x_wconf 81' lang='lat'><em>2</em></span> 
     </span>
    </p>
   </div>
   <div class='ocr_carea' id='block_1_15' title="bbox 2316 3583 2332 3798">
    <p class='ocr_par' dir='ltr' id='par_1_16' title="bbox 2316 3583 2332 3798">
     <span class='ocr_line' id='line_1_44' title="bbox 2316 3583 2332 3798; textangle 90"><span class='ocrx_word' id='word_1_410' title='bbox 2316 3690 2332 3798; x_wconf 43' lang='grc' dir='ltr'>ΔΨῌΑ</span> <span class='ocrx_word' id='word_1_411' title='bbox 2318 3637 2332 3676; x_wconf 31' lang='grc' dir='ltr'>Ῑ.”Α</span> <span class='ocrx_word' id='word_1_412' title='bbox 2328 3617 2332 3621; x_wconf 97' lang='grc'>.</span> <span class='ocrx_word' id='word_1_413' title='bbox 2319 3583 2329 3594; x_wconf 79' lang='lat'>.-</span> 
     </span>
    </p>
   </div>
  </div>
 </body>
</html>
