2332 3978
295 304 401 359 802
963 304 1206 350 Caecilii
1245 304 1512 364 Cypriani
1579 284 1581 287 ι

286 435 719 488 traditionem
765 437 1053 489 uestram
1103 437 1442 490 statuatis.
1490 438 1636 491 cuius
1680 438 1942 506 praecepti
1979 453 2179 492 memor
2272 474 2278 480 --

289 521 471 574 beatus
499 522 762 588 apostolus
782 520 979 575 Paulus
1008 524 1299 576 commonet
1320 522 1430 590 ipse
1449 538 1649 591 quoque
1669 525 1722 577 et
1741 524 1957 579 instruit
1975 525 2178 582 dicens:

292 608 347 660 si
386 607 530 675 quis
580 607 780 661 aliter
829 607 1014 661 docet
1051 609 1113 661 et
1149 623 1269 661 non
1318 608 1688 677 adquiescit
1737 611 1911 664 sanis
1963 614 2182 668 uerbis

294 693 552 746 Domini
600 693 813 746 nostri
850 694 1000 747 Iesu
1038 693 1289 747 Christi
1340 695 1401 748 et
1437 695 1776 750 doctrinae
1828 700 1992 760 eius,
2049 702 2181 754 stu-

295 795 443 847 pore
494 780 708 833 elatus
757 781 816 832 et
863 780 1036 833 nihil
1085 780 1323 845 sciens,
1375 781 1637 835 discede
1675 782 1750 836 ab
1787 783 2216 840 huiusmodi.5

242 872 274 922 4
367 866 641 919 Praeclara
683 867 834 935 plane
872 882 931 920 ac
970 866 1212 935 legitima
1253 867 1467 920 traditio
1503 867 1761 936 Stephano
1806 869 1966 924 fratre
2009 873 2182 925 nostro

296 953 508 1006 docente
542 953 861 1021 proponitur,
904 969 1034 1020 quae
1068 953 1433 1006 auctoritatem
1467 954 1615 1007 nobis
1650 954 1888 1009 idoneam
1923 958 2184 1024 praebeat.

294 1040 492 1093 namin
528 1040 707 1093 0011010
745 1040 855 1093 1000
892 1039 1145 1108 epistulae
1181 1056 1302 1092 suae
1340 1039 1544 1093 addidit
1571 1041 1623 1093 et
1648 1041 1863 1095 adiecit:
1909 1036 2049 1096 ‘cum
2083 1045 2184 1112 ipsi

292 1127 539 1180 haeretici
574 1126 776 1195 proprie
811 1126 1123 1178 alterutrum
1159 1125 1224 1178 ad
1252 1141 1304 1177 se
1330 1126 1594 1179 uenientes
1629 1142 1729 1179 000
1765 1127 2047 1195 baptizent,
2094 1132 2185 1184 sed

291 1212 673 1266 communicent
699 1201 947 1265 tantum.'
982 1212 1048 1264 ad
1073 1212 1168 1264 hoc
1196 1212 1335 1264 enim
1361 1213 1618 1265 malorum
1644 1214 1888 1267 deuoluta
1915 1216 1993 1268 est
2018 1217 2181 1269 eccle·
2199 1239 2241 1271 10
2288 1206 2290 1208 i

290 1300 367 1353 sia
392 1299 491 1351 Dei
527 1300 579 1351 01
615 1314 798 1366 sponsa
825 1297 1033 1362 Christi,
1071 1298 1131 1350 111
1156 1298 1531 1352 haereticorum
1571 1300 1804 1367 exempla
1843 1302 2083 1366 sectetur,
2125 1304 2185 1355 ut

288 1386 354 1438 ad
391 1385 694 1438 celebranda
733 1385 1055 1438 sacramenta
1094 1384 1338 1437 caelestia
1378 1384 1711 1452 disciplinam
1747 1386 1836 1438 lux
1863 1387 1925 1439 de
1952 1388 2182 1466 tenebris

289 1472 561 1525 mutuetur
588 1472 639 1524 et
665 1472 720 1523 id
746 1471 939 1524 faciant
976 1471 1247 1523 christiani
1292 1471 1428 1538 quod
1466 1471 1759 1524 antichristi
1795 1472 2011 1526 faciunt.
2056 1490 2183 1541 quae

290 1573 411 1610 uero
451 1560 529 1611 est
569 1558 730 1610 animi
770 1557 1009 1622 caecitaS,
1053 1573 1182 1624 quae
1221 1557 1471 1625 prauitas,
1517 1556 1639 1610 fidei
1679 1558 1937 1611 unitatem
1976 1560 2039 1612 de
2072 1560 2181 1613 Deo
2325 1575 2332 1631 5

285 1646 435 1713 patre
463 1646 514 1697 et
542 1644 603 1697 de
630 1645 748 1697 Iesu
776 1643 969 1696 Christi
997 1643 1209 1696 Domini
1236 1644 1288 1696 et
1313 1644 1410 1696 Dei
1447 1645 1613 1696 nostri
1647 1645 1926 1697 traditione
1962 1647 2172 1699 uenien-
2193 1670 2230 1701 15
2324 1633 2332 1721 {

284 1731 393 1782 tem
432 1731 571 1784 nolle
610 1733 949 1799 cognoscere?
993 1746 1114 1782 nam
1151 1731 1194 1782 si
1232 1729 1421 1782 idcirco
1463 1731 1600 1798 apud
1639 1730 1926 1784 haereticos
1968 1733 2181 1786 ecclesia
2328 1735 2332 1745 ²

285 1832 385 1869 non
412 1819 506 1881 est,
547 1817 667 1884 quia
694 1834 796 1869 una
821 1818 899 1869 est
927 1817 978 1868 et
1004 1816 1173 1868 diuidi
1199 1830 1299 1868 non
1325 1818 1511 1883 potest,
1542 1818 1594 1869 et
1621 1817 1664 1869 si
1690 1817 1805 1869 ideo
1831 1817 1943 1869 illic
1971 1819 2178 1871 sanctus

285 1904 499 1970 spiritus
536 1920 637 1956 non
663 1905 756 1967 est,
797 1903 918 1970 quia
945 1918 1078 1955 unus
1107 1904 1185 1955 est
1207 1904 1259 1955 et
1285 1918 1393 1955 esse
1420 1903 1558 1970 apud
1584 1903 1819 1970 profanos
1847 1905 1899 1956 et
1927 1905 2175 1957 extrarios

286 2005 386 2042 000
424 1991 621 2058 potest:
662 1991 843 2056 utique
870 1991 921 2042 et
951 1989 1209 2055 baptisma
1247 1989 1382 2056 quod
1408 1989 1461 2041 in
1489 1989 1672 2041 eadem
1709 1989 1908 2042 unitate
1937 1991 2174 2043 consistit

287 2092 395 2130 esse
433 2077 570 2144 apud
604 2076 888 2129 haereticos
926 2092 1027 2128 non
1052 2076 1240 2143 potest,
1279 2075 1401 2142 quia
1428 2076 1654 2143 separari
1681 2091 1843 2142 neque
1869 2076 1934 2129 ab
1962 2077 2175 2130 ecclesia
2190 2097 2232 2130 20

287 2179 451 2230 neque
480 2180 509 2216 a
537 2164 711 2215 000010
739 2162 929 2229 spiritu
954 2164 1142 2229 potest.

241 2262 268 2310 5
362 2250 473 2302 Aut
501 2251 545 2302 si
573 2250 813 2303 effectum
852 2249 1102 2317 baptismi
1136 2247 1402 2301 maiestati
1442 2248 1663 2300 nominis
1701 2248 1957 2313 tribuunt,
2005 2250 2181 2317 utqui

289 2337 343 2388 in
371 2337 578 2389 nomine
606 2337 724 2388 Iesu
752 2335 945 2389 Christi
982 2335 1295 2401 ubicumque
1322 2335 1373 2386 et
1401 2334 1874 2411 quomodocumque
1913 2335 2182 2402 baptizan-

458 2507 485 2549 3
516 2507 540 2549 I
571 2507 687 2551 Tim.
721 2508 759 2559 6,
792 2507 917 2549 3-5.

380 2651 405 2693 1
428 2652 685 2706 praeceptor
708 2650 763 2694 (3¹
981 2650 1009 2692 2
1032 2650 1192 2705 paulus
1215 2662 1297 2692 om.
1322 2649 1438 2692 BTv
1653 2650 1802 2691 monet
1829 2649 1866 2692 G
2078 2663 2184 2704 quo-

291 2736 378 2778 quo
400 2724 443 2766 L
665 2723 866 2778 instruit]
890 2722 1096 2764 instituit
1123 2723 1163 2765 T
1377 2720 1534 2763 docens
1563 2720 1619 2764 0¹
1834 2720 1864 2763 4
1884 2706 2186 2764 dffsnffiiesu

292 2795 459 2838 christo
488 2796 547 2838 T¹
771 2794 974 2837 doctrina
996 2794 1041 2837 B
1274 2793 1302 2835 5
1324 2793 1382 2848 01]
1408 2794 1474 2835 est
1497 2807 1523 2837 v
1746 2791 1920 2835 discede
1942 2792 2182 2845 BLPTV,

290 2866 496 2910 discende
519 2867 587 2919 0¹,
611 2866 920 2910 discedendum
944 2866 1027 2910 C²v
1277 2865 1303 2907 6
1325 2865 1456 2919 plane
1479 2865 1544 2920 00]
1575 2877 1678 2907 0000
1701 2865 1746 2906 01
1767 2878 1793 2908 v
1854 2881 1856 2886 ’
2040 2865 2064 2907 7
2086 2877 2184 2920 pre—

289 2941 470 2995 ponitur
492 2939 548 2983 0¹
759 2939 890 2994 quae]
913 2942 964 2980 ut
993 2938 1031 2983 G
1047 2952 1081 2982 s.
1105 2939 1132 2981 l.
1346 2938 1374 2981 8
1396 2939 1441 2980 01
1466 2937 1510 2979 L
1530 2950 1563 2979 s.
1587 2936 1614 2978 l.
1828 2935 1855 2978 9
1878 2935 1969 2991 sed]
1993 2935 2068 2978 sed
2090 2935 2186 2978 sine

289 3011 599 3067 paenitentiae
619 3024 800 3053 manum
823 3011 867 3053 B
1028 3010 1083 3053 10
1103 3009 1159 3053 ad
1180 3023 1236 3052 ew
1258 3008 1312 3052 ab
1341 3009 1377 3053 G
1534 3008 1588 3051 12
1609 3006 1813 3050 000100110
1844 3007 1898 3051 G²
2051 3007 2184 3051 disci-

290 3083 440 3138 plinae
461 3082 499 3126 G
641 3082 694 3125 de
717 3096 797 3125 om.
823 3082 868 3125 P
1018 3081 1073 3124 13
1096 3081 1142 3125 id
1163 3095 1244 3125 om.
1269 3082 1314 3125 B
1458 3078 1693 3135 cyristiani
1714 3079 1779 3121 L¹
1924 3078 2184 3122 antichristi

288 3167 346 3197 eae
366 3154 606 3197 oraehristi
627 3154 665 3198 C
799 3155 928 3210 quae]
953 3167 1039 3209 qua
1065 3155 1106 3197 T
1237 3153 1293 3196 14
1314 3152 1432 3208 uero]
1458 3164 1559 3194 uero
1581 3150 1697 3193 dixit
1723 3151 1764 3194 Τ
1894 3150 2131 3220 0111100οκζὲΥ

287 3240 399 3283 quae
420 3227 621 3283 prauitas
642 3228 695 3270 in
715 3228 960 3282 prauitasq.
985 3240 1100 3270 corr.
1129 3228 1170 3270 T
1331 3226 1387 3269 15
1409 3226 1454 3268 et
1474 3223 1543 3280 de]
1567 3225 1613 3266 et
1641 3224 1682 3267 T
1841 3222 2007 3265 christo
2030 3221 2116 3265 dno
2138 3224 2184 3265 et

285 3288 346 3342 do
362 3285 527 3345 111Ἶ3ΪΤ2
724 3299 882 3355 nostri]
905 3312 994 3342 non
1017 3312 1116 3353 exp.
1141 3298 1185 3341 L
1386 3295 1674 3339 traditionem
1704 3296 1746 3339 T
1944 3294 1999 3337 16
2020 3293 2183 3337 idcirco

286 3385 370 3415 om.
394 3372 438 3414 B
630 3371 773 3426 haput
794 3371 838 3415 L
1042 3370 1094 3413 17
1118 3372 1163 3412 et
1185 3369 1239 3426 si]
1265 3370 1303 3412 si
1325 3367 1417 3412 BG
1616 3367 1671 3409 18
1693 3365 1877 3422 spiritus
1900 3367 2078 3408 sanetus
2098 3379 2126 3409 v

287 3444 409 3500 quia]
434 3445 511 3500 qui
533 3445 578 3487 B
713 3443 926 3486 extrarios
949 3442 1188 3494 BLPTV,
1214 3443 1442 3485 extraneos
1472 3440 1559 3495 Gv,·
1583 3439 1642 3493 cf.
1657 3452 1708 3494 p.
1731 3440 1872 3492 730,1‘
2007 3436 2061 3479 19
2082 3435 2182 3479 uni-

286 3517 382 3558 tate
414 3516 566 3559 eadem
586 3516 629 3560 B
793 3514 1001 3558 constitit
1021 3514 1065 3557 L
1227 3512 1286 3557 20
1306 3525 1399 3556 esse
1422 3512 1466 3555 L
1485 3525 1519 3556 s.
1542 3513 1570 3556 l.
1733 3513 1777 3554 et
1802 3522 1895 3552 esse
1916 3508 1962 3552 B
2146 3507 2177 3550 b

287 3601 344 3631 ex
366 3587 421 3630 ad
447 3589 488 3632 T
656 3588 711 3631 21
735 3573 932 3643 001)νοᾗῖ
933 3586 977 3630 L
991 3586 1010 3639 ¹,
1034 3585 1198 3641 spiritu
1219 3586 1370 3629 sancto
1391 3597 1417 3628 v
1591 3604 1635 3628 *ᾳ
1654 3584 1804 3639 potest
1832 3582 1870 3627 G
1887 3580 1943 3624 ab
1965 3591 2080 3623 eras.
