2332 3978
544 949 686 1028 AD
757 945 1544 1029 FORTVNATVM.

63 1201 98 1244 γ
175 1141 511 1236 Desiderasti
528 1221 540 1245 ‚
580 1179 858 1232 Fortunate
904 1178 1190 1243 carissime,
1241 1179 1300 1231 ut
1344 1176 1588 1245 quoniam
1631 1182 2030 1245 pressurarum}

107 1272 159 1325 et
181 1268 590 1339 persecutionum
607 1266 803 1334 pondus
830 1265 1085 1319 incumbit
1111 1265 1163 1317 et
1186 1265 1241 1317 in
1266 1264 1364 1317 fine
1390 1262 1554 1332 adque
1578 1262 1633 1315 in
1659 1278 1984 1316 consumma-

104 1356 239 1410 tione
262 1353 443 1408 mundi
470 1352 764 1406 antichristi
791 1352 996 1418 tempus
1024 1351 1273 1404 infestum
1301 1350 1708 1418 adpropinquare
1735 1349 1842 1403 iam
1867 1364 1982 1402 coe-

47 1464 67 1499 s
103 1442 210 1512 pit,
245 1441 308 1494 ad
333 1439 705 1509 praeparandas
733 1438 784 1491 et
811 1437 1203 1490 corroborandas
1230 1435 1451 1489 fratrum
1476 1436 1673 1488 mentes
1700 1435 1762 1488 de
1789 1435 1982 1488 diuinis

104 1527 366 1597 scripturis
429 1525 754 1578 hortamenta
819 1539 1151 1590 conponerem
1199 1523 1385 1590 quibus
1436 1521 1632 1574 milites
1678 1520 1872 1574 Christi
1917 1521 1983 1574 ad

60 1620 75 1650 ἲ
103 1614 331 1684 spiritale
375 1614 426 1666 et
471 1613 687 1666 caeleste
732 1612 991 1664 certamen
1036 1611 1332 1663 animarem.
1374 1609 1832 1676 obtemperandum
1879 1608 1985 1660 fuit

59 1702 63 1706 ’
104 1700 348 1755 desiderio
392 1700 482 1752 tuo
527 1699 637 1751 tam
681 1698 989 1761 necessarie,
1031 1698 1089 1749 ut
1127 1698 1380 1764 quantum
1419 1695 1613 1748 sufficit
1651 1694 1983 1747 mediocritas

102 1789 272 1841 nostra
297 1786 486 1839 auxilio
515 1785 718 1838 diuinae
744 1784 1096 1851 inspirationis
1146 1783 1400 1836 instructa
1437 1782 1586 1849 quasi
1613 1797 1756 1835 arma
1782 1797 1840 1834 ac
1866 1797 1985 1833 mu-

45 1891 91 1963 ¹.⁰
102 1873 328 1928 nimenta
372 1871 622 1939 quaedam
666 1871 972 1940 pugnaturis
1016 1869 1268 1922 fratribus
1307 1869 1368 1921 de
1403 1868 1684 1936 praeceptis
1712 1866 1985 1920 dominicis

40 2016 41 2019 ,
103 1959 465 2028 promerentur.
505 1973 686 2024 parum
724 1951 803 2010 est
849 1957 985 2009 enim
1025 1957 1159 2024 quod
1187 1957 1283 2009 Dei
1309 1956 1514 2023 plebem
1541 1955 1752 2008 classico
1778 1953 1982 2005 nostrae

39 2035 89 2122 {23
102 2045 239 2099 uocis
265 2043 538 2113 erigimuS,
578 2043 681 2096 nisi
710 2042 1030 2096 credentium
1065 2042 1220 2095 fidem
1248 2043 1299 2093 et
1326 2042 1551 2094 dicatam
1576 2041 1683 2093 Deo
1711 2040 1980 2091 deuotam-

46 2125 197 2217 ξι]ιιθ
222 2131 472 2183 uirtutem
500 2130 677 2182 diuina
702 2129 921 2182 lectione
947 2130 1228 2182 fir.memus

128 2216 305 2282 Quid
330 2218 502 2270 autem
528 2217 699 2284 potius
727 2218 817 2269 aut
838 2217 1004 2268 maius
1027 2232 1174 2268 curae
1195 2217 1396 2269 nostrae
1418 2231 1476 2268 ac
1497 2212 1838 2267 sollicitudini
1860 2226 1979 2264 con·
1999 2214 2028 2263 2

15 2295 18 2298 ’
48 2302 241 2378 ugruit
265 2318 420 2370 quam
447 2303 778 2356 commissum
802 2303 948 2355 nobis
977 2302 1232 2354 diuinitus
1267 2302 1516 2368 populum
1542 2301 1592 2352 et
1619 2298 1937 2352 exercitum
1925 2315 1980 2350 1n

56 2439 67 2449 „
103 2390 281 2444 castris
308 2389 613 2443 caelestibus
650 2390 992 2442 constitutum
1040 2389 1284 2442 aduersus
1329 2387 1523 2440 diaboli
1565 2387 1669 2439 tela
1715 2386 1765 2437 et
1809 2385 1982 2437 iacula

52 2475 539 2547 §ju-exhortationibus
566 2476 796 2528 adsiduis
823 2479 1161 2544 praeparare?
1200 2491 1362 2542 neque
1391 2475 1526 2526 enim
1562 2473 1772 2525 idoneus
1808 2471 1979 2539 potest

43 2619 68 2630 Δ,
104 2575 209 2615 esse
232 2562 382 2615 miles
409 2563 474 2615 ad
499 2562 698 2615 bellum
725 2562 813 2629 qui
839 2578 938 2615 non
966 2562 1277 2615 exercitatus
1313 2562 1366 2613 in
1403 2576 1582 2627 campo
1618 2558 1763 2625 prius
1802 2556 1975 2620 fuerit,

59 2645 73 2710 ’ἵ
103 2647 190 2700 aut
233 2648 319 2714 qui
362 2648 700 2717 agonisticam
746 2663 980 2701 coronam
1021 2648 1221 2715 quaerit
1260 2646 1475 2713 adipisci
1500 2646 1553 2697 in
1580 2645 1744 2697 stadio
1772 2657 1980 2695 corona-

27 2730 264 2798 ‘aobitur,
291 2733 391 2786 nisi
418 2751 569 2787 usum
597 2735 649 2787 et
674 2734 916 2802 peritiam
943 2733 1139 2786 uirium
1169 2734 1286 2786 ante
1312 2732 1609 2785 meditetur.
1653 2728 1979 2782 aduersarius

65 2810 248 2871 'uetus
292 2820 369 2872 est
413 2821 465 2872 et
507 2820 671 2871 hostis
717 2819 958 2886 antiquus
998 2835 1116 2872 cum
1154 2834 1252 2885 quo
1308 2817 1560 2886 proelium
1607 2816 1851 2885 gerimus,
1894 2829 1979 2866 sex

56 2904 65 2970 ᾗ
100 2902 246 2956 milia
270 2920 516 2958 annorum
541 2906 648 2958 iam
673 2921 830 2973 paene
856 2905 1186 2972 conplentur,
1227 2919 1285 2955 ex
1322 2918 1419 2971 quo
1446 2902 1708 2955 hominem
1744 2900 1977 2953 diabolus

98 2986 360 3059 inpugnat.
402 2991 573 3044 omnia
610 3007 795 3060 genera
832 2991 1123 3062 temptandi
1162 2992 1213 3043 et
1252 2993 1385 3045 art-es
1424 2990 1588 3056 adque
1626 2987 1841 3040 insidias
1869 2986 1977 3038 dei-

180 3142 359 3176 mcnur
388 3145 451 3177 Αι)
481 3146 801 3178 FORTVNATVM
832 3134 911 3189 (DE
933 3145 1304 3177 EXHORTATIONE
1325 3143 1590 3176 MARTYRVM
1614 3129 1721 3174 add.
1746 3129 1810 3180 B,
1842 3139 1977 3170 AMEN

98 3200 201 3246 aad.
216 3202 279 3260 R)
294 3204 520 3258 WRMB,
544 3217 606 3249 AD
628 3218 951 3250 FORTVNATVM
971 3218 1032 3248 DE
1054 3217 1422 3249 EXHORTATIONE
1442 3214 1678 3247 MARTYRII
1693 3215 1719 3245 v
1809 3199 1836 3242 2
1858 3198 1974 3241 desi-

98 3270 264 3317 derasti
293 3274 323 3318 f.
356 3275 474 3320 char.
507 3277 633 3320 nobis
650 3279 703 3321 ut
719 3278 860 3334 quoR
889 3291 924 3322 s.
948 3278 973 3322 Z.
998 3291 1052 3321 m.
1072 3291 1159 3322 rec,
1264 3275 1526 3333 pressureB
1542 3272 1913 3329 (persecutionum
1933 3270 1980 3311 et

96 3354 396 3399 pressurarum
405 3348 449 3402 v)
516 3348 544 3392 3
564 3349 1033 3394 consummationemR
1103 3349 1133 3393 4
1152 3349 1259 3405 iam]
1271 3361 1423 3391 nuncv
1493 3346 1520 3389 6
1536 3356 1792 3399 componere
1801 3341 1893 3386 RB

98 3413 125 3457 7
145 3416 326 3462 eoeleste
342 3419 388 3462 et
403 3419 604 3474 spiritale
622 3434 649 3464 v
726 3421 1031 3464 animarumR
1133 3421 1160 3463 9
1180 3419 1415 3474 instructa]
1439 3417 1672 3459 inistincta
1686 3414 1731 3458 R
1822 3425 1976 3456 monu-

97 3489 319 3533 mentaM
399 3490 455 3534 15
475 3492 621 3547 quam]
645 3493 696 3535 ut
707 3492 763 3545 B,
787 3506 920 3548 quam
940 3495 992 3535 ut
1013 3507 1039 3536 υ
1130 3492 1182 3535 17
1205 3502 1515 3547 praeparemus
1531 3489 1618 3532 Wv
1707 3485 1762 3528 18
1781 3485 1905 3540 prius
1928 3484 1975 3527 in

97 3567 245 3615 campo
265 3573 292 3604 v
377 3561 433 3605 21
465 3561 639 3606 anticus
661 3563 706 3607 R
794 3564 1026 3620 proelium]
1052 3563 1219 3606 bellum
1241 3562 1285 3605 B
1389 3559 1573 3604 cottidie
1593 3558 1789 3614 gerimus
1811 3556 1872 3600 M
1875 3557 1890 3580 ²

49 3659 54 3661 <
97 3626 153 3670 22
171 3642 306 3685 poene
324 3633 389 3677 W
