2332 3978
689 211 989 269 Epistulae
1018 211 1265 257 XXXIII.
1298 227 1332 258 c.
1364 214 1488 259 1-2.
1521 223 1525 225 “
1903 224 2006 278 567

58 335 94 398 -ῑῖ-
154 344 262 399 sed
296 342 606 396 uiuorum.
646 355 819 394 omnes
856 342 1064 410 quidem
1099 341 1352 396 uiuificari
1389 345 1623 411 optamus
1657 348 1709 400 et
1738 348 1875 402 utin
1899 351 2008 404 sta-

37 418 107 505 j}
151 431 266 484 tum
310 427 589 497 pristinum
625 427 965 481 restituantur
999 427 1234 496 precibus
1270 430 1458 483 nostris
1496 432 1547 484 et
1583 433 1861 501 gemitibus
1897 451 2009 489 ora-

50 534 77 546 ··
127 507 280 569 'mus
309 516 353 565 si
375 511 552 565 autem
588 511 799 587 quidam
834 513 966 579 lapsi
1003 512 1270 566 ecclesiam
1295 529 1348 567 se
1372 516 1553 569 uolunt
1589 532 1697 571 esse
1722 520 1774 571 et
1798 519 1843 572 si
1871 520 2008 588 apud

71 614 75 630 2
148 599 266 654 illos
312 599 466 666 atque
511 597 567 649 in
602 597 711 650 illis
758 598 836 650 est
881 597 1111 662 ecclesia,
1158 598 1284 666 quid
1329 602 1558 667 superest
1603 618 1756 669 quam
1801 606 1861 657 ut
1908 605 2008 673 ipsi

58 681 75 746 J
115 685 392 754 erogentur
437 700 468 737 a
512 683 658 737 nobis
708 683 768 736 ut
812 699 903 736 nos
949 685 1014 737 ad
1060 683 1328 737 ecclesiam
1377 685 1652 754 dignentur
1700 689 2007 743 admittere?

67 816 73 819 „
147 771 449 824 summissos
497 783 616 838 ergo
654 770 705 822 et
742 770 940 837 quietos
979 770 1031 822 et
1067 771 1376 824 uerecundos
1420 787 1527 824 esse
1565 774 1764 840 oportet
1800 789 1882 828 eos
1920 776 2008 844 qui

60 854 70 927 ζ
148 855 325 909 delicti
350 855 431 909 sui
454 869 706 908 memores
742 854 1033 908 satisfacere
1057 856 1163 909 Deo
1201 856 1389 910 debent
1424 873 1518 911 nec
1543 858 1783 912 ecclesiae
1806 860 2008 913 nomine

66 939 69 942 ⁴
144 941 349 995 litteras
386 940 566 1006 facere,
606 955 724 993 cum
762 956 816 993 se
851 941 1020 1010 magis
1057 942 1221 994 sciant
1259 941 1498 995 ecclesiae
1535 943 1769 997 scribere.

215 1025 539 1094 Scripserunt
585 1027 758 1079 autem
795 1026 927 1078 mihi
964 1027 1174 1094 quidam
1212 1027 1274 1079 de
1310 1027 1469 1096 lapsis
1506 1027 1728 1081 humiles
1766 1029 1818 1081 et
1854 1029 2008 1084 mites
2025 1039 2077 1089 z.

34 1127 35 1130 ’
58 1101 71 1147 ³2
88 1133 132 1167 ιο
146 1114 199 1166 et
222 1113 501 1165 trementes
527 1126 586 1165 ac
613 1113 900 1165 metuentes
924 1112 1092 1165 Deum
1129 1113 1180 1165 et
1205 1113 1293 1180 qui
1317 1113 1371 1165 in
1397 1113 1622 1166 ecclesiis
1660 1129 1860 1182 semper
1896 1117 2008 1185 glo-

45 1196 71 1249 2?
144 1198 278 1252 riose
304 1199 356 1251 et
380 1197 644 1267 granditer
680 1198 874 1266 operati
911 1199 1030 1251 sunt
1065 1199 1116 1251 et
1140 1214 1265 1265 opus
1302 1214 1452 1252 suum
1488 1215 1769 1266 numquam
1791 1201 2008 1255 Domino

60 1280 90 1307 ”
142 1283 530 1350 inputauerunt,
579 1283 798 1337 scientes
843 1283 998 1336 illum
1046 1284 1257 1338 dixisse:
1315 1284 1376 1337 et
1423 1300 1557 1337 cum
1603 1285 1754 1338 haec
1801 1286 2009 1339 omnia

44 1383 69 1413 z
142 1369 468 1435 feceritiS‚
508 1369 737 1423 dicite:
788 1369 960 1422 serui
998 1370 1380 1437 superuacui
1418 1385 1656 1435 sumus,
1706 1372 1879 1438 quod.
1908 1371 2007 1424 de-

141 1454 395 1509 buimus
442 1455 655 1526 facere
700 1455 987 1510 fecimus,
1037 1472 1165 1524 quae
1211 1456 1293 1508 illi
1341 1457 1625 1525 cogitantes
1672 1459 1724 1511 et
1772 1459 2007 1525 quamuis

86 1565 127 1598 15
141 1540 321 1594 libello
350 1557 380 1594 a
404 1541 724 1609 martyribus
761 1543 983 1610 accepte,
1022 1542 1082 1594 ut
1118 1543 1290 1595 tamen
1317 1542 1381 1595 ad
1406 1543 1686 1614 Dominum
1724 1542 2007 1596 satisfactio

57 1639 60 1644 ·
140 1627 255 1696 ipsa
291 1628 502 1682 admitti
537 1629 718 1696 possit,
757 1629 959 1682 orantes
996 1620 1306 1695 'scripserunt
1342 1628 1473 1681 mihi
1498 1644 1550 1682 se
1575 1629 1822 1682 delictum
1857 1645 2008 1682 suum

143 1717 448 1783 cognoscere
484 1715 536 1766 et
560 1714 930 1783 paenitentiam
965 1730 1140 1767 ueram
1178 1729 1341 1782 agere,
1381 1730 1472 1766 nec
1508 1715 1573 1768 ad
1607 1731 1782 1781 pacem
1818 1716 2008 1768 temere

141 1799 233 1853 aut
277 1799 550 1868 inportune
596 1814 882 1868 properare,
931 1799 1019 1853 sed
1067 1801 1327 1866 expectare
1373 1801 1715 1866 praesentiam
1763 1801 2004 1865 nostram,

141 1885 369 1939 dicentes
405 1901 584 1954 pacem
622 1901 819 1954 quoque
855 1886 1038 1953 ipsam,
1075 1886 1261 1939 sicam
1297 1886 1442 1961 nobis
1479 1886 1828 1954 praesentibus
1867 1902 2006 1939 acce-

46 1998 47 2001 *
82 1994 127 2029 πο
141 1971 327 2040 perine,
366 1971 648 2026 dulciorem
673 1974 773 2026 sibi
798 1973 1045 2026 futuram.
1085 1972 1270 2040 quibus
1308 1973 1558 2039 quantum
1592 1973 1880 2040 gratulatus
1907 1972 2005 2024 sim

141 2057 393 2112 Dominus
440 2059 591 2112 testis
635 2061 729 2124 est,
778 2060 866 2128 qui
905 2059 1149 2128 dignatus
1187 2059 1263 2111 est
1300 2058 1558 2111 ostendere
1597 2058 1719 2124 quid
1757 2057 2005 2110 eiusmodi

141 2143 193 2196 et
227 2143 357 2197 tales
404 2144 540 2199 serui
586 2145 649 2219 de
687 2145 796 2198 eius
843 2145 1073 2198 bonitate
1120 2145 1427 2197 mereantur.
1475 2159 1598 2210 quas
1646 2158 1761 2195 cum
1806 2144 2004 2197 litteras

274 2351 277 2354 -
310 2321 365 2365 12
396 2321 500 2367 Luc.
533 2322 602 2375 17,
632 2322 699 2367 10.

223 2476 250 2519 1
272 2479 527 2535 optotamus
552 2481 604 2536 Τ,
634 2482 840 2538 optamus
869 2484 978 2524 ante
997 2492 1146 2523 omnes
1169 2479 1265 2523 eoeh.
1286 2493 1326 2522 w
1487 2478 1535 2521 in
1557 2491 1638 2522 om.
1666 2479 1707 2521 Τ
1862 2477 1890 2520 3
1911 2489 2001 2520 esse

137 2548 293 2595 uolunt
313 2550 365 2603 Z,
386 2551 587 2595 uolentes
608 2564 703 2596 6886
724 2568 756 2609 μ
899 2551 928 2595 4
947 2551 994 2594 111
1014 2564 1096 2595 om.
1120 2566 1151 2605 μ
1294 2550 1322 2593 5
1342 2549 1585 2605 dignantur
1605 2562 1659 2603 «w,
1681 2548 1892 2605 dignatur
1912 2564 1943 2604 μ

136 2619 164 2664 6
184 2622 360 2678 oportet
379 2635 472 2667 esse
494 2639 530 2679 φ
665 2623 760 2680 qui]
771 2621 917 2679 'atque
937 2623 980 2666 Z
1116 2622 1140 2665 7
1163 2622 1393 2678 memores]
1416 2633 1606 2664 meror-es
1633 2621 1711 2663 Tw
1845 2621 2000 2663 curant

135 2692 384 2738 satiffacere
402 2707 444 2738 w
558 2681 697 2752 (111011,
716 2708 752 2739 8.
773 2695 803 2739 l.
823 2708 880 2739 m.
901 2697 931 2739 2
1054 2693 1134 2737 deo
1158 2727 1167 2736 .
1188 2728 1196 2736 .
1217 2727 1226 2736 .
1249 2692 1391 2737 facere
1412 2706 1492 2736 om.
1517 2706 1594 2748 ‹pw
1716 2691 1794 2735 deo
1814 2691 2000 2734 debeant

133 2776 214 2809 nec
248 2766 301 2822 T,
337 2779 436 2810 cum
469 2779 516 2810 se
544 2766 691 2823 magis
727 2767 871 2811 sciant
888 2766 932 2810 Z
1087 2765 1116 2809 8
1146 2764 1374 2809 ecclesiam
1393 2764 1434 2807 Z
1592 2763 1619 2807 9
1648 2776 1786 2818 nuper
1821 2763 1999 2818 quidam
2074 2756 2079 2760 ’

133 2835 236 2892 Ζμυ
377 2837 435 2881 10
453 2838 519 2895 ac]
542 2839 588 2882 et
607 2839 790 2896 Ζφμωυ
922 2823 1027 2881 ᾶῇἷ
1047 2839 1120 2893 Ζμ
1255 2836 1436 2880 ecclesia
1455 2836 1556 2893 Ζμυ
1689 2835 1741 2878 11
1763 2847 1999 2889 numquam

135 2919 218 2952 om.
247 2907 393 2954 Oxou.
528 2910 584 2954 12
604 2911 785 2955 scientis
810 2910 853 2954 Τ
963 2909 1113 2965 11111111]
1135 2922 1234 2952 611111
1253 2908 1297 2951 Ζ
1405 2909 1552 2951 omnia
1571 2921 1651 2951 om.
1675 2920 1714 2950 w
1828 2906 1884 2949 14
1904 2905 1999 2949 illic
2068 2934 2074 2941 -

137 2979 209 3035 Τμ
325 2982 480 3036 quouis
503 2998 535 3037 μ
661 2983 726 3026 ,15
746 2995 773 3026 a
793 2995 875 3025 om.
898 2982 970 3038 Ζμ
1042 3032 1045 3041 ,
1099 2993 1126 3024 a
1146 2979 1370 3023 dominum
1396 2981 1446 3031 Τ,
1467 2992 1493 3022 a
1512 2965 1678 3035 ᾶιῖἶμυ
1812 2978 1866 3021 16
1886 2976 1997 3036 ipsa]
2063 2992 2070 3005 ··

134 3062 215 3094 sua
233 3051 313 3105 Ze),
337 3064 386 3095 sa
412 3053 462 3105 T,
484 3068 558 3098 sus
579 3070 611 3111 μ
754 3055 904 3110 posset
921 3053 964 3097 Z
1104 3052 1166 3108 se]
1189 3052 1265 3096 sed
1286 3068 1331 3108 μ,
1355 3052 1449 3094 81116
1475 3052 1517 3094 Τ
1665 3050 1717 3092 17
1740 3061 1997 3105 cognoscere

132 3136 262 3169 suum
283 3142 320 3182 φ
435 3139 565 3184 agere
584 3138 737 3169 ueram
757 3143 790 3182 μ
914 3125 970 3169 18
989 3110 1090 3182 1111Ξῖ
1109 3113 1284 3182 pntiam
1305 3141 1358 3180 φ,
1379 3122 1674 3179 penitentiam
1694 3135 1734 3164 w
1848 3118 1901 3162 19
1920 3118 1995 3161 do-

132 3197 281 3240 centes
300 3196 346 3240 Z
453 3198 563 3254 eam]
587 3211 614 3241 a
634 3214 666 3254 μ
794 3197 852 3241 20
870 3197 1136 3254 gratulatim
1158 3213 1194 3251 φ
1311 3208 1407 3238 811111
1427 3194 1502 3249 Ζφ
1627 3192 1682 3235 21
1703 3193 1771 3234 est
1792 3203 1871 3234 om.
1901 3190 1943 3233 T
1977 3243 1980 3246 ἢ

133 3267 212 3324 qui
232 3267 275 3312 d.
296 3269 365 3313 est
384 3281 466 3314 om.
489 3286 521 3326 μ
649 3269 876 3326 dignatus]
897 3270 1053 3325 potens
1073 3268 1115 3312 Z
1246 3265 1473 3311 ostendere
1495 3277 1610 3309 corr.
1632 3264 1687 3307 in
1706 3260 1938 3305 ostendens
1960 3276 1992 3315 μ

130 3351 189 3383 m.
209 3341 243 3384 2
357 3339 466 3396 quid
486 3339 539 3384 de
559 3340 603 3384 Z
726 3340 981 3384 huiusmodi
1003 3357 1037 3395 φ
1173 3340 1230 3383 22
1251 3339 1311 3395 et]
1335 3339 1403 3381 est
1423 3353 1454 3394 μ
1584 3335 1637 3378 (16
1659 3347 1739 3377 om.
1763 3349 1807 3388 μ,
1833 3334 1879 3375 et
1897 3346 1934 3373 w

130 3408 378 3456 bonitatem
401 3428 448 3467 μ,
468 3411 751 3469 benignitate
768 3412 868 3469 Ζμυ
983 3424 1093 3467 quas
1116 3423 1215 3455 cum
1236 3408 1406 3453 litteris
1429 3424 1479 3463 φ,
1499 3406 1675 3450 litteras
1698 3417 1806 3460 quas
1826 3416 1923 3447 cum
1945 3418 1989 3459 μ,

132 3491 243 3538 quas
262 3481 442 3527 litteras
462 3495 560 3527 cum
579 3482 687 3527 Zwv
1246 3472 1253 3477 N
