2332 3978
345 252 449 306 714
1011 253 1256 300 Caecilii
1285 253 1557 311 Cypriani

342 379 405 433 de
441 383 691 452 sanguine
729 383 840 438 eius
878 384 931 437 et
967 399 1144 438 cruore
1181 383 1438 438 confundi.
1477 398 1626 451 porro
1663 385 1844 451 ¹autem
1881 384 2134 438 Dominus
2169 384 2226 438 in

342 469 611 536 euangelio
649 470 807 523 dicit:
857 470 966 537 qui
1012 469 1325 523 confusus
1371 485 1464 522 me
1512 468 1743 534 fuerit,
1792 469 2228 524 confundetur.
2275 463 2278 467 ’
2331 457 2332 461 ¹

343 569 479 606 eum
527 554 554 606 f
559 554 720 607 ilius
768 556 1063 609 hominis.
1114 556 1166 608 et
1203 555 1464 622 apostolus
1503 570 1704 622 quoque
1746 555 1979 623 loquitur
2015 556 2216 609 dicens:
2283 582 2288 589 ·

342 638 395 690 si
443 638 818 693 hominibus
864 641 1208 709 placerem,
1259 641 1511 694 Christi
1559 656 1783 694 seruus
1830 656 1949 694 non
1995 657 2214 694 essem.
2286 666 2290 678 «

342 726 594 792 quomodo
621 727 796 780 autem
821 743 1093 794 possumus
1118 728 1324 794 propter
1349 726 1615 781 Christum
1641 728 1947 796 sanguinem
1981 728 2210 794 fundere,
2231 745 2253 776 τ»

346 811 434 878 qui
462 813 766 882 sanguinem
794 812 985 866 Christi
1013 814 1361 867 erubescimus
1387 814 1578 867 bibere.
2123 858 2126 861 .
2296 875 2298 877 ,

262 904 324 954 16
411 897 495 951 An
521 898 615 952 illa
641 900 740 952 sibi
767 900 956 966 aliquis
983 901 1417 968 contemplatione
1443 900 1726 968 blanditur,
1765 900 1901 967 quod
1936 900 2034 953 etsi
2072 917 2224 954 mane
2303 942 2308 949 .

343 1000 474 1051 aqua
518 985 627 1038 sola
671 986 843 1038 offerri
887 986 1110 1051 uidetur,
1155 988 1329 1039 tamen
1376 1003 1494 1040 cum
1534 987 1599 1040 ad
1637 987 1922 1040 cenandum
1966 987 2222 1051 uenimu8‚

341 1071 567 1123 mixtum
593 1072 807 1124 calicem
834 1072 1134 1125 offerimus?
1162 1073 1250 1127 sed
1279 1088 1396 1125 cum
1422 1089 1678 1137 cenamUS,
1718 1073 1783 1126 ad
1809 1073 2107 1126 conuiuium
2131 1088 2224 1126 no-
2308 1088 2310 1091 ·

347 1158 515 1209 strum
540 1157 744 1225 plebem
773 1173 1048 1210 conuocare
1073 1173 1172 1211 non
1198 1173 1486 1226 possumus,
1517 1160 1575 1212 ut
1601 1159 1909 1211 sacramenti
1944 1159 2222 1211 ueritatem
2241 1137 2332 1247 105]

342 1242 668 1296 fraternitate
695 1245 835 1296 omni
861 1245 1126 1311 praesente
1164 1245 1495 1298 celebremus.
1535 1247 1590 1298 at
1625 1245 1763 1298 enim
1795 1260 1895 1298 non
1929 1260 2093 1309 mane,
2134 1244 2224 1298 sed
2312 1236 2332 1314 ‘³43

340 1329 457 1397 post
507 1345 685 1382 cenam
732 1331 956 1382 mixtum
1000 1331 1212 1384 calicem
1256 1332 1450 1399 optulit
1484 1332 1752 1385 Dominus,
1804 1330 2057 1398 numquid
2102 1345 2222 1400 ergo
2319 1311 2330 1328 ι

343 1415 661 1468 dominicum
689 1418 807 1484 post
834 1433 1012 1470 cenam
1042 1417 1299 1470 celebrare
1327 1418 1589 1481 debemus,
1630 1418 1689 1470 ut
1727 1417 1801 1470 sic
1834 1417 2057 1470 mixtum
2093 1417 2222 1469 cali-

344 1517 454 1554 cem
480 1501 868 1568 frequentandis
904 1503 1176 1556 dominicis
1212 1503 1522 1556 offeramus?
1560 1502 1827 1556 Christum
1862 1503 2041 1556 offerre
2077 1517 2225 1570 opor-

340 1587 487 1639 tebat
513 1587 646 1640 circa
671 1604 942 1656 uesperam
970 1588 1089 1652 diei,
1118 1590 1177 1641 ut
1202 1589 1326 1641 hora
1352 1589 1464 1656 ipsa
1492 1589 1735 1643 sacrificii
1761 1590 2051 1643 ostenderet
2077 1604 2222 1642 occa·
2241 1609 2284 1641 15

344 1690 459 1726 sum
487 1673 539 1725 et
565 1690 836 1740 uesperam
863 1675 1061 1738 mundi,
1089 1675 1225 1728 sicut
1252 1676 1307 1727 in
1333 1675 1507 1727 Exodo
1535 1676 1787 1742 scriptum
1817 1676 1919 1728 est:
1963 1676 2025 1728 et
2052 1674 2220 1728 occi-

343 1760 499 1812 dent
537 1760 738 1813 illum
779 1776 956 1813 omne
992 1761 1240 1829 uulgus
1280 1776 1644 1830 synagogae
1684 1761 1984 1813 filiorum
2009 1761 2223 1814 Israel

343 1845 418 1898 ad
454 1862 811 1914 uesperam.
853 1847 904 1899 et
955 1847 1147 1899 iterum
1185 1847 1237 1899 in
1273 1848 1515 1915 psalmis:
1557 1847 1889 1900 adleuatio
1928 1863 2227 1900 manuum

343 1948 632 1985 mearum
695 1932 1111 1986 sacrificium
1167 1934 1634 2000 uespertinum.
1687 1949 1778 1986 nos
1828 1934 2004 1986 autem
2050 1949 2222 1986 resur-

341 2019 623 2072 rectionem
650 2019 863 2071 Domini
889 2035 1040 2071 mane
1068 2019 1402 2072 celebramus
2236 2039 2283 2073 πο

260 2108 320 2159 17
412 2105 481 2157 Et
508 2106 629 2173 quia
655 2105 907 2172 passionis
934 2106 1042 2157 eius
1069 2106 1383 2158 mentionem
1422 2106 1476 2158 in
1514 2106 1779 2159 sacrificiis
1816 2106 2054 2159 omnibus
2090 2104 2221 2158 faci-

343 2209 477 2257 mus,
524 2193 694 2259 passio
730 2193 808 2244 est
845 2192 982 2244 enim
1009 2192 1218 2245 Domini
1255 2192 1563 2245 sacrificium
1602 2190 1736 2259 quod
1771 2193 2048 2256 offerimuS,
2090 2192 2226 2244 nihil

341 2278 484 2330 aliud
521 2294 675 2345 quam
714 2278 849 2345 quod
875 2278 967 2330 ille
993 2278 1116 2330 fecit
1141 2278 1306 2343 facere
1333 2279 1592 2331 debemus
1633 2279 1886 2345 scriptura
1921 2279 2059 2331 enim
2098 2278 2227 2331 dicit

341 2366 401 2416 ut
429 2365 884 2432 quotienscumque
910 2364 1121 2417 calicem
1147 2365 1202 2416 in
1229 2364 1765 2417 commemorationem
1793 2364 2002 2417 Domini
2030 2364 2080 2417 et
2105 2379 2225 2431 pas-

512 2535 539 2578 2
561 2535 695 2578 Marc.
729 2535 768 2587 8,
801 2536 868 2579 38.
988 2535 1017 2578 4
1039 2535 1134 2579 Gal.
1170 2537 1210 2589 1,
1244 2535 1311 2579 10.
1432 2536 1484 2578 16
1506 2535 1582 2578 Ex.
1617 2536 1683 2587 12,
1715 2537 1754 2579 6.
1876 2535 1929 2578 18
1950 2536 2022 2578 Ps.
2058 2535 2153 2587 140,
2185 2535 2226 2578 2.

347 2607 404 2650 24
435 2606 490 2649 cf.
523 2607 546 2649 I
578 2606 673 2651 Cor.
710 2608 778 2659 11,
809 2607 889 2650 263

427 2750 455 2792 2
477 2750 700 2806 confusus]
728 2750 954 2793 confessus
979 2750 1017 2807 Q
1177 2750 1330 2807 fuerit]
1354 2764 1500 2793 coram
1524 2749 1781 2794 hominibus
1803 2749 1909 2794 add.
1938 2749 1976 2807 Q
2131 2762 2233 2793 con-

343 2821 500 2864 fundet
522 2821 644 2877 RQ¹,
670 2821 860 2864 confidet
887 2821 946 2878 Q²
969 2822 1271 2874 (confitebitur
1292 2823 1355 2865 M
1369 2824 1421 2866 in
1442 2825 1554 2873 ras.)
1701 2822 1729 2864 4
1750 2822 1922 2877 placere
1944 2821 2107 2864 uellem
2136 2821 2179 2865 V

342 2894 370 2935 5
392 2893 587 2936 christus
610 2906 666 2936 ex
687 2893 849 2936 christi
870 2893 914 2936 R
1084 2895 1111 2937 6
1131 2893 1279 2937 bibire
1302 2894 1338 2937 S
1500 2895 1523 2937 7
1547 2894 1659 2937 estsi
1681 2894 1741 2936 M
1761 2893 1863 2947 (etsi
1889 2892 1943 2950 Q)
2109 2893 2137 2936 8
2158 2893 2230 2950 ad]

343 2978 370 3007 a
397 2963 433 3019 Q
453 2964 522 3019 (ac
544 2965 619 3019 M)
808 2964 863 3007 10
884 2965 1078 3007 ueritate
1099 2966 1142 3008 L
1329 2966 1381 3008 11
1404 2966 1740 3009 fraternitatem
1765 2964 1802 3021 Q
1981 2978 2107 3007 omne
2129 2965 2175 3009 R

344 3035 400 3078 ad
422 3035 549 3091 LQS
678 3036 732 3081 12
754 3036 978 3091 nuncquid
1002 3036 1040 3079 S
1170 3037 1224 3080 13
1246 3037 1325 3093 sic]
1350 3037 1389 3080 si
1412 3037 1448 3080 S
1578 3037 1632 3080 14
1654 3036 1814 3080 christi
1837 3049 1892 3079 em
1912 3036 2107 3079 christus
2129 3036 2176 3080 R

344 3109 399 3151 15
419 3120 605 3163 uespera
626 3107 718 3150 LP
930 3107 1071 3163 ipsius
1095 3108 1141 3152 R
1354 3122 1584 3152 occansum
1608 3108 1645 3152 S
1861 3107 1915 3151 16
1936 3121 2117 3164 uespera
2141 3107 2179 3151 S

344 3180 392 3222 in
414 3178 568 3222 mundi
590 3179 635 3223 R
827 3178 1080 3222 occiderunt
1099 3179 1212 3223 illud
1237 3180 1275 3224 S
1457 3180 1510 3223 17
1533 3180 1675 3223 omnis
1704 3179 1742 3236 Q
1929 3179 2117 3222 istrahel
2142 3179 2179 3223 S

344 3251 399 3294 18
420 3264 600 3294 manum
626 3250 663 3306 Q
843 3251 898 3294 19
917 3251 1282 3295 resurrectionem
1303 3265 1358 3295 εκ
1377 3251 1617 3295 rectionem
1640 3251 1677 3294 S
1694 3265 1749 3294 m.
1771 3255 1802 3295 2
1971 3251 2029 3294 20
2048 3251 2233 3307 domini]

343 3323 390 3365 in
413 3322 648 3366 sacrificiis
669 3323 873 3366 omnibus
895 3308 1039 3366 diffR
1154 3323 1422 3366 celebremus
1439 3323 1513 3366 Μι
1535 3322 1825 3377 <celebramus
1846 3322 1909 3365 M
1909 3321 1986 3379 ²Q)
2110 3323 2165 3366 21
2187 3324 2233 3365 et

346 3395 466 3450 quia]
489 3395 566 3449 qui
594 3395 637 3438 V
766 3395 981 3438 faciamus
1002 3394 1064 3437 M
1068 3397 1081 3417 ¹
1103 3393 1309 3448 (facimus
1331 3395 1391 3438 M
1395 3393 1471 3450 ²Q)
1615 3394 1672 3437 23
1692 3393 1787 3450 ille]
1810 3393 1904 3449 ipse
1924 3393 1970 3437 R
2101 3392 2230 3448 dicit]

346 3466 452 3509 add.
485 3466 582 3509 Rv:
623 3467 1017 3521 quotienscumque
1053 3465 1170 3508 enim
1207 3465 1388 3508 ederitis
1424 3479 1583 3521 panem
1618 3466 1756 3508 istum
1794 3467 1840 3507 et
1877 3464 2057 3508 calicem
2092 3464 2234 3506 istum

348 3537 556 3580 biberitis
578 3540 764 3581 mortem
786 3538 954 3581 domini
987 3536 1315 3580 adnuntiabitis
1347 3536 1648 3591 (adnunciatis
1672 3535 1735 3591 R)
1768 3534 2048 3591 quoadusque
2079 3535 2236 3578 ueniat

345 3611 421 3664 (Σ
444 3608 477 3651 I
501 3610 599 3653 Cor.
624 3614 692 3665 11,
718 3612 798 3665 26)
948 3609 1003 3652 24
1024 3610 1076 3651 ut
1097 3621 1177 3651 om.
1202 3607 1274 3652 Rv
1409 3607 1817 3663 quotienscumque]
1841 3619 1945 3661 ergo
1965 3605 2072 3648 add.
2096 3606 2168 3650 Rv
