2332 3978
573 263 908 309 Sententiae
938 262 1335 320 episcoporum
1366 277 1440 307 nr.
1474 264 1658 309 63—73.
1948 266 2053 319 457

749 497 1040 548 Donatulus
1067 511 1099 546 a
1125 496 1287 560 capse
1314 496 1472 546 dixit:

241 595 310 648 Et
335 609 428 664 ego
456 610 656 662 semper
681 594 776 647 hoc
801 595 963 659 sensi,
1007 595 1064 647 ut
1089 593 1333 647 haeretici
1373 594 1461 661 qui
1500 593 1634 646 nihil
1672 593 1798 647 foris
1836 595 2051 662 possunt
2071 596 2139 647 69

171 681 437 749 consequi,
478 682 678 749 quando
705 683 769 735 ad
798 681 1065 735 ecclesiam
1092 680 1486 744 conuertuntur,
1526 679 1868 747 baptizentur.

717 856 939 906 Verulus
966 870 998 906 a
1020 855 1315 906 Rusiccade
1339 855 1497 906 dixit:

0 991 10 1011 ς
133 964 152 994 ⁵
239 953 408 1006 Homo
435 953 722 1006 haereticus
748 954 869 1007 dare
894 967 994 1006 non
1019 954 1192 1020 potest
1218 953 1356 1020 quod
1381 967 1482 1006 non
1507 952 1695 1006 habet:
1735 951 1902 1004 multo
1938 968 2051 1004 ma·
2071 951 2139 1003 7⁰

169 1039 249 1107 gis
276 1039 634 1092 schismaticus
661 1039 798 1107 quod
822 1039 1007 1092 habuit
1039 1039 1232 1092 amisit.

697 1230 1054 1279 Pudentianus
1081 1244 1113 1279 a
1140 1229 1338 1279 Guiculi
1365 1230 1522 1280 dixit:

239 1327 458 1380 Nouitas
486 1327 806 1394 episcopatus
833 1326 1030 1390 effecit,
1057 1327 1244 1380 fratres
1271 1327 1628 1391 dilectissimi,
1655 1328 1715 1380 ut
1740 1326 2051 1380 sustinerem
2067 1335 2130 1387 71

166 1413 290 1480 quid
315 1412 533 1466 maiores
568 1411 873 1466 iudicarent.
914 1428 1034 1465 nam
1078 1413 1310 1466 haereses
1356 1412 1489 1465 nihil
1533 1413 1723 1467 habere
1768 1428 1860 1466 nec
1902 1427 2051 1479 posse

95 1503 136 1534 ¹⁰
165 1497 500 1551 manifestum
542 1499 636 1551 est.
676 1498 841 1565 adque
890 1499 967 1551 ita
1017 1499 1061 1551 si
1113 1498 1201 1566 qui
1250 1514 1309 1551 ex
1353 1498 1427 1551 eis
1471 1499 1733 1564 uenerint,
1784 1498 2051 1566 baptizare

166 1584 475 1652 aequissime
500 1584 792 1637 iudicatum
820 1585 913 1637 est.

587 1774 773 1824 Petrus
800 1774 864 1825 ab
889 1774 1133 1839 Hippone
1162 1775 1432 1839 diarrhyto
1461 1775 1624 1825 dixit:

235 1871 365 1925 Cum
393 1872 654 1941 baptisma
679 1888 841 1925 unum
868 1872 938 1925 sit
962 1873 1016 1926 in
1043 1873 1296 1927 catholica
1322 1873 1563 1937 ecclesia,
1603 1872 1942 1927 manifestum
1971 1873 2050 1926 est
2067 1874 2134 1926 72

162 1973 261 2011 non
306 1973 455 2025 posse
491 1959 633 2011 extra
677 1957 948 2012 ecclesiam
991 1958 1263 2026 baptizari.
1305 1959 1356 2011 et
1391 1959 1505 2011 ideo
1540 1958 1594 2011 in
1632 1958 1832 2012 haeresi
1856 1958 2048 2012 intinc-

32 2047 45 2062 ²
106 2054 146 2086 ¹⁵
162 2047 242 2098 tos
288 2044 398 2098 siue
439 2045 492 2097 in
534 2044 812 2098 schismate
857 2045 922 2098 ad
964 2045 1233 2099 ecclesiam
1278 2046 1543 2099 uenientes
1579 2060 1758 2098 censeo
1793 2044 2050 2112 baptizari

162 2131 406 2198 oportere.

597 2309 735 2359 Item
762 2309 896 2359 alius
921 2309 1108 2360 Lucius
1136 2309 1200 2359 ab
1227 2310 1424 2360 Ausafa
1450 2310 1608 2360 dixit:

232 2404 523 2459 Secundum
549 2407 750 2459 motum
778 2406 939 2459 animi
964 2406 1068 2460 mei
1095 2407 1146 2460 et
1173 2406 1396 2474 Spiritus
1423 2406 1612 2471 sancti,
1654 2422 1772 2459 cum
1807 2406 1879 2459 sit
1915 2422 2047 2459 unus
2066 2414 2134 2466 73

160 2491 299 2544 Deus
324 2492 471 2559 pater
515 2491 725 2544 Domini
769 2492 887 2545 Iesu
932 2491 1126 2545 Christi
1172 2493 1224 2546 et
1271 2509 1401 2546 unus
1444 2491 1680 2545 Christus
1707 2492 1759 2545 et
1784 2507 1886 2544 una
1911 2507 2044 2559 speS,

246 2704 270 2745 1
292 2716 430 2760 gapse
447 2705 497 2757 T,
521 2704 703 2761 capsede
721 2705 759 2749 S
844 2705 873 2751 3
896 2705 1106 2761 consequi
1127 2708 1316 2761 possunt
1334 2705 1432 2757 LT,
1456 2706 1563 2748 sunt
1584 2705 1793 2761 consequi
1811 2704 1866 2757 S,
1897 2717 2046 2749 conse-

158 2775 252 2818 cuti
273 2778 378 2819 sunt
397 2777 442 2820 A
571 2778 602 2820 4
630 2779 801 2833 martyr
820 2777 873 2821 de
895 2777 1195 2821 schismaticis
1208 2777 1398 2821 Verulus
1420 2777 1647 2822 Erasmus
1762 2775 1966 2821 rusicade
1988 2776 2045 2831 L,

157 2847 384 2891 rusiccade
400 2849 449 2901 T,
472 2849 655 2893 succade
680 2848 718 2894 S
800 2850 829 2893 5
849 2852 894 2893 et
914 2851 1058 2894 multo
1074 2849 1205 2895 Tsed
1225 2852 1271 2894 et
1290 2863 1325 2894 s.
1348 2850 1375 2894 l.
1466 2851 1494 2894 6
1515 2849 1646 2906 quod]
1666 2849 1744 2906 qui
1761 2847 1960 2905 quodAv

156 2917 183 2960 8
213 2918 432 2963 sustinere
453 2920 568 2976 quod
594 2920 630 2965 S
712 2921 740 2964 9
769 2921 940 2965 heresis
963 2921 1095 2966 SLT
1178 2936 1258 2966 nec
1278 2935 1406 2978 posse
1427 2935 1510 2965 om.
1537 2920 1576 2966 S
1663 2921 1720 2964 10
1752 2920 1854 2976 quis
1876 2919 1960 2965 ST

157 2989 238 3046 eis]
261 2989 301 3033 is
328 2991 370 3035 Τ
466 2991 688 3048 baptizari
715 2993 850 3037 T²Av
969 2994 1022 3037 11
1053 2993 1349 3050 aequissimae
1372 2993 1455 3038 ST
1539 2991 1788 3036 iudicatum
1810 2991 1867 3044 S,
1900 2992 2048 3034 statu·

154 3062 252 3104 tum
274 3062 458 3108 L²TAv
471 3095 481 3115 ‚
515 3065 688 3108 statum
718 3064 784 3108 L·
910 3065 967 3109 12
997 3065 1159 3122 ippone
1186 3066 1227 3110 T
1369 3064 1559 3109 diarrito
1581 3064 1694 3116 LA,
1742 3061 1964 3108 diharrito
1990 3063 2041 3115 T,

155 3132 494 3190 diarrhytorum
516 3148 564 3188 υ,
597 3149 679 3180 om.
705 3135 743 3180 S
845 3136 962 3181 dixit
981 3136 1098 3181 orito
1118 3136 1235 3180 dixit
1257 3137 1296 3181 S
1397 3136 1453 3180 14
1482 3135 1624 3192 extra]
1647 3148 1698 3178 ex
1720 3134 1757 3179 S
1841 3133 2046 3179 haeresin

153 3205 326 3248 tinctus
348 3204 404 3258 S,
434 3205 610 3250 haeresi
629 3207 795 3251 tinctos
817 3208 981 3253 LTAv
1101 3208 1158 3252 15
1187 3208 1236 3252 in
1267 3221 1352 3253 om.
1383 3208 1424 3252 Τ
1534 3206 1765 3250 uenientes
1786 3206 1960 3258 (nentes
1982 3205 2045 3260 L)

155 3275 211 3318 ad
231 3275 463 3321 ecclesiam
484 3277 646 3323 LTAv
748 3279 802 3322 17
835 3279 1007 3337 ausafa]
1029 3292 1196 3324 ausura,
1215 3279 1253 3324 S
1353 3279 1408 3322 18
1438 3291 1537 3323 cum
1558 3277 1621 3321 sit
1641 3278 1686 3321 A
1699 3311 1709 3330 ,
1739 3276 1818 3333 qui
1839 3276 1974 3320 iussit
1996 3275 2045 3328 S.

154 3346 226 3390 cui
256 3346 319 3390 sit
348 3347 458 3401 LT;
488 3349 628 3393 uerba
661 3351 858 3406 yrauius
886 3355 1110 3407 corrupta
1137 3350 1363 3396 uidentur
1510 3349 1567 3392 19
1599 3347 1770 3393 domini
1790 3347 1935 3392 nostri
1955 3347 2046 3399 Av,

155 3406 237 3461 dnoes
256 3407 309 3461 n‘r
331 3418 438 3463 LT¹
534 3405 607 3463 1Ἧὲ
626 3409 706 3477 xps
728 3421 835 3465 LT=
925 3436 1025 3479 spes
1046 3424 1093 3466 et
1113 3436 1140 3468 v

1669 3492 1699 3524 ,κ
