2332 3978
675 263 971 320 Epistulae
1001 262 1202 307 LXIII.
1244 277 1278 307 c.
1314 263 1438 308 1—4.
1893 266 1996 320 703

8 415 62 468 :g
146 377 158 382 ”
194 395 332 469 Item
368 393 422 445 in
459 391 719 446 sacerdote
755 391 1135 445 Melchisedech
1171 391 1410 446 sacrificii
1435 393 1681 447 dominici
1707 407 1995 447 sacramen·
2013 393 2044 443 4

11 466 57 545 {fs
125 482 238 534 tum
284 478 692 547 praefiguratum
739 478 978 531 uidemus
1024 477 1305 530 secundum
1352 479 1487 545 quod
1525 479 1780 546 scriptura
1819 478 1998 531 diuina

11 531 62 643 ἐξ,
126 567 347 622 testatur
384 566 436 617 et
471 564 627 618 dicit:
677 565 737 617 et
773 557 1263 618 Melchisedech
1310 563 1661 618 rex=Sa10m
1708 564 1999 634 protulit

125 667 345 722 panem
383 652 446 704 et
484 651 719 703 uinum.
760 650 863 715 fuit
899 650 1076 703 autem
1112 649 1345 703 sacerdos
1382 650 1481 702 Dei
1518 652 1709 704 summi
1747 652 1799 704 et
1844 651 1998 704 bene-

12 720 56 813 ³}
93 738 259 796 adixit
294 736 573 790 Abraham.
624 729 760 803 quod
797 725 972 789 autem
1009 735 1389 788 Melchisedech
1425 738 1612 803 typum
1649 735 1842 790 Christi
1880 751 2000 805 por-

3 800 46 853 ᾗ(
126 825 261 878 taret
296 823 523 876 declarat
558 823 613 875 in
650 822 868 890 psalmis
907 821 1122 890 spiritus
1161 821 1370 896 sanctus
1403 836 1462 873 ex
1498 836 1711 889 persona
1730 847 1731 851 1
1747 823 1908 889 patris
1935 823 2001 876 ad

100 909 294 964 'filium
330 909 531 962 dicens:
571 908 718 960 ante
755 906 1110 960 luciferum
1147 907 1341 976 genui
1379 907 1457 960 te.
1496 908 1566 960 tu
1603 922 1664 960 es
1702 909 2000 961 sacerdos

3 999 53 1067 „iss
126 998 189 1052 in
225 998 564 1049 aeternum
618 977 967 1046 secund'um
1023 993 1310 1046 ordinem
1347 993 1846 1057 Melchisedech.
1911 994 2002 1061 qui

0 1073 59 1142 3³35*
124 1083 245 1136 ordo
287 1081 466 1148 utique
503 1080 589 1132 hic
627 1079 705 1132 est
743 1079 805 1132 de
842 1079 1091 1132 sacrificio
1139 1079 1231 1131 illo
1281 1079 1491 1133 ueniens
1541 1081 1605 1134 et*
1630 1080 1748 1133 inde
1788 1079 1997 1133 descen-

69 1183 111 1221 ιο
126 1169 248 1222 dens
286 1168 421 1235 quod
446 1166 823 1219 Melchisedech
861 1166 1093 1219 sacerdos
1130 1166 1229 1218 Dei
1266 1166 1460 1219 summi
1495 1165 1614 1231 fuit,
1654 1166 1790 1234 quod
1814 1181 2002 1233 panem

125 1256 178 1308 et
220 1254 400 1306 uinum
449 1252 658 1320 optulit,
707 1252 841 1319 quod
888 1250 1152 1304 Abraham
1200 1252 1475 1305 benedixit.
1526 1268 1649 1305 nam
1696 1252 1786 1320 qui
1833 1251 2002 1321 magis

125 1341 354 1395 sacerdos
391 1339 490 1393 Dei
527 1339 718 1393 summi
756 1354 910 1406 quam
948 1339 1201 1391 Dominus
1239 1339 1413 1391 noster
1447 1339 1592 1392 Iesus
1619 1336 1872 1403 Christus,
1912 1337 2002 1405 qui

12 1414 40 1494 22„
126 1425 433 1483 sacrificium
459 1426 566 1479 Deo
603 1424 740 1493 patri
777 1424 973 1493 optulit
1010 1426 1062 1477 et
1099 1424 1292 1491 optulit
1329 1425 1424 1477 hoc
1460 1425 1761 1492 idem-*quod
1783 1424 2002 1477 Molchi-

129 1512 311 1570 sedech
348 1512 610 1579 optulerat
646 1512 701 1564 id
738 1511 816 1564 est
853 1527 1040 1578 panem
1087 1512 1138 1563 et
1187 1510 1394 1575 uinum,
1444 1527 1597 1564 suum
1646 1511 1844 1564 scilicet
1892 1525 2006 1564 cor-

71 1611 111 1644 15
128 1614 226 1668 pus
262 1599 314 1651 et
351 1598 671 1666 sanguinem.
720 1598 772 1650 et
820 1597 955 1650 circa
1004 1596 1267 1650 Abraham
1316 1596 1609 1650 benedictio
1657 1597 1773 1650 illa.
1798 1612 2003 1665 praece-

28 1672 35 1722 Ϊ
130 1684 254 1737 dens
294 1685 359 1737 ad
395 1686 631 1737 nostrum
668 1683 919 1752 populum
966 1683 1272 1750 pertinebat.
1321 1699 1442 1735 nam
1489 1683 1535 1735 si
1581 1682 1849 1736 Abraham
1896 1683 2004 1737 Deo

127 1769 348 1824 eredidit
402 1770 453 1822 et
507 1770 814 1837 deputatum
871 1770 950 1822 est
998 1770 1046 1822 ei
1095 1770 1161 1822 ad
1214 1769 1490 1833 iustitiam,
1551 1769 1731 1836 utique
1789 1770 2005 1837 quisque

130 1854 237 1907 Deo
284 1855 448 1919 credit
494 1856 546 1907 et
591 1854 692 1907 fide
739 1854 876 1907 uiuit
921 1855 1090 1907 iustus
1139 1854 1404 1913 inuenitur
1451 1854 1502 1906 et
1548 1855 1656 1907 iam
1702 1854 1902 1923 pridem
1950 1856 2006 1908 in

24 1978 30 1989 -
128 1941 394 1995 Abraham
447 1941 591 1995 fideli
645 1941 946 1994 benedictus
1003 1942 1056 1994 et
1110 1940 1423 2009 iustificatus
1479 1940 1771 1994 ostenditur
1791 1982 1803 2005 ,
1870 1942 2005 1994 sicut

25 2035 35 2066 ²·
74 2042 118 2076 ιο
135 2028 320 2082 beatus
358 2027 617 2095 apostolus
655 2027 854 2080 Paulus
890 2027 1072 2094 probat
1109 2027 1308 2080 dicens:
1349 2027 1640 2080 credidit
1678 2026 2008 2081 Abraham

24 2171 35 2186 ,λ
120 2114 256 2167 'Deo
312 2115 374 2167 et
431 2114 829 2188 deputatum*
870 2113 966 2166 est
1031 2113 1087 2165 ei
1143 2113 1218 2165 ad
1273 2113 1632 2166 iustitiam.
1698 2114 2007 2182 cognoscitis

30 2242 32 2246 .
131 2216 251 2276 ergo
298 2195 420 2268 quia
465 2200 554 2267 qui
601 2215 660 2252 ex
706 2199 807 2252 fide
853 2200 975 2253 sunt
1020 2199 1075 2251 hi
1121 2201 1242 2251 sunt
1288 2199 1384 2251 filii
1422 2199 1678 2253 Abrahae.
1732 2200 2007 2267 prouidens

10 2315 26 2342 ,ι
100 2352 105 2355 ,
134 2288 310 2340 autem
346 2287 600 2354 scriptura
636 2286 758 2353 quia
796 2302 856 2338 ex
891 2285 991 2339 fide
1028 2278 1278 2338 iustificat
1325 2286 1504 2354 gentes
1542 2285 1697 2350 Deus,
1746 2302 2003 2353 praenun-

2 2354 31 2434 J‘¹
130 2373 289 2426 tiauit
326 2372 722 2440 Abrahaequia
758 2372 1123 2425 benedicentur
1160 2371 1215 2423 in
1252 2371 1345 2423 illo
1384 2386 1559 2424 omnes
1598 2372 1791 2440 gentes.
1844 2372 2008 2441 igitur

8 2610 22 2667 ζ
300 2601 328 2644 3
359 2600 468 2644 Gen.
483 2601 570 2655 ·14‚
600 2600 667 2644 18.
801 2600 826 2642 7
858 2599 930 2643 Ps.
963 2599 1059 2652 109,
1091 2599 1130 2643 3.
1163 2599 1203 2643 4.
1336 2599 1394 2643 20
1423 2599 1521 2643 Gal.
1552 2600 1591 2652 3,
1625 2599 1665 2642 6.
1697 2599 1734 2642 7.
1867 2598 1924 2641 23
1954 2597 2008 2641 ef.

23 2699 31 2707 -=
131 2670 238 2717 Gen.
272 2672 339 2725 12,
370 2673 411 2716 3.

219 2886 245 2929 1
267 2885 540 2949 sacerdotem
565 2885 604 2943 Q
747 2885 1038 2930 melchisedec
1059 2886 1166 2930 PR·
1179 2887 1215 2930 S
1232 2892 1276 2931 et
1294 2887 1359 2931 sic
1378 2886 1562 2942 saepius
1712 2883 1941 2929 sacrificiis
1963 2883 2010 2935 S,

133 2970 215 3003 om.
238 2957 358 3014 Auy.
479 2958 750 3004 dominicum
769 2960 886 3017 Auy.
1020 2959 1048 3002 6
1066 2960 1113 3003 et
1132 2958 1329 3003 declarat
1355 2958 1394 3016 Q
1412 2959 1478 3016 (et
1497 2971 1580 3003 om.
1603 2958 1681 3015 M)
1812 2957 1837 3000 7
1859 2944 2009 3013 genui]

136 3030 348 3087 generaui
369 3029 552 3076 LOPR
808 3031 871 3088 te]
903 3031 1009 3075 add.
1034 3031 1103 3076 R.-
1135 3031 1308 3075 iurauit
1335 3017 1423 3075 (1ᾞέ
1440 3032 1486 3074 et
1505 3043 1593 3074 non
1621 3028 1897 3086 penitebitur

134 3101 164 3146 8
182 3101 336 3145 ordine
359 3101 413 3147 s*
668 3103 696 3146 9
716 3101 977 3147 discendens
1006 3102 1044 3147 ο
1281 3102 1339 3146 10
1357 3102 1446 3158 dei]
1467 3101 1545 3145 dos
1566 3090 1674 3145 dir,
1902 3098 2012 3154 fuit]

123 3171 276 3216 ‘fuerit
297 3172 337 3217 S
494 3173 549 3217 11
569 3174 738 3230 optulit
761 3207 772 3218 .
789 3206 801 3217 .
819 3207 830 3217 .
854 3174 883 3219 l.
907 3177 964 3218 14
984 3173 1032 3218 id
1052 3175 1121 3218 est
1141 3186 1224 3218 om.
1248 3173 1286 3218 S
1438 3173 1521 3234 *qui
1542 3173 1644 3225 LP,
1668 3171 1769 3228 quis
1797 3169 1956 3227 OQRv

136 3243 198 3288 12
213 3245 375 3288 summi
393 3245 503 3290 add.
528 3245 599 3291 R.-
620 3246 711 3290 fuit
730 3246 848 3303 quod
1074 3248 1225 3290 noster
1245 3259 1327 3290 om.
1358 3245 1396 3290 O
1640 3244 1695 3287 15
1716 3242 1899 3286 abraam
1921 3240 1959 3285 S

136 3315 191 3359 17
212 3316 404 3361 credidit
429 3349 438 3358 .
458 3352 468 3361 .
487 3350 498 3362 .
522 3309 708 3374 quisque
724 3330 810 3362 om.
833 3318 879 3362 L
1032 3317 1230 3361 crededit
1258 3316 1337 3362 OS
1485 3315 1689 3371 quisquis
1709 3328 1737 3358 υ
1891 3312 1946 3356 18
1967 3313 2015 3356 et

137 3387 238 3445 fide]
261 3403 313 3434 ex
333 3389 418 3434 fide
442 3389 480 3434 S
647 3391 786 3435 etiam
806 3389 899 3435 LP
1069 3390 1124 3434 19
1147 3389 1209 3446 et]
1232 3388 1309 3432 sed
1329 3388 1374 3432 P
1557 3387 1613 3431 21
1634 3385 1891 3443 reputatum
1918 3384 1957 3428 0

139 3460 182 3505 ei
201 3474 283 3506 om.
309 3461 347 3506 0
518 3463 795 3519 cognuscetis
818 3463 857 3507 0
1032 3462 1090 3506 22
1109 3461 1179 3505 hii
1195 3461 1239 3505 L
1410 3458 1478 3503 fili
1505 3457 1630 3516 QRS
1799 3454 2010 3512 abrahae]

140 3531 246 3582 add.
272 3532 342 3580 R.-
371 3532 608 3591 prouidens
627 3535 779 3578 autem
800 3533 1023 3591 scriptura
