2332 3978
342 283 446 337 786
984 264 1246 328 Caecilii
1274 281 1548 340 Cypriani
1616 289 1618 292 ’
1648 266 1660 284 ”

340 411 616 465 damnatus
653 412 706 464 et
743 413 888 466 extra
931 411 1159 479 paradisi
1202 411 1370 466 fontes
1412 412 1676 482 relegatus
1719 413 1858 514 aruit
1895 415 1948 467 et
1984 363 2218 469 aeternae
2301 437 2310 487 j

271 504 273 506 ’
299 497 457 640 ¹sitis
483 498 716 551 siccitate
741 497 966 551 defecit?
2311 559 2313 562 Α

359 582 617 637 Clamat
641 585 897 637 Dominus
935 587 996 638 ut
1035 585 1126 653 qui
1165 584 1303 638 sitit
1322 580 1500 637 ueniat
1538 584 1590 637 et
1627 584 1777 638 bibat
1813 585 1877 638 de
1915 584 2219 638 fluminibus
2311 606 2323 632 ’.

299 590 502 738 ¹aquae
526 672 696 734 uiuae,
724 686 856 739 quae
881 673 944 725 de
970 671 1080 725 eius
1107 673 1287 724 uentre
1310 670 1585 723 fluxerunt.
1623 671 1722 739 quo
1747 672 1998 724 uenturus
2025 671 2104 724 est
2129 670 2220 739 qui
2319 640 2332 726 ἶ,

341 756 473 824 sitit,
518 758 763 810 utrumne
799 757 864 810 ad
896 744 1180 810 haereticos
1224 755 1315 809 ubi
1358 755 1473 809 fons
1509 757 1562 809 et
1595 755 1788 810 fluuius
1831 771 1994 824 aquae
2035 757 2219 810 uitalis
2234 773 2253 804 ⁵

342 843 548 895 omnino
573 858 674 896 non
699 844 792 907 est,
822 860 888 896 an
913 844 977 896 ad
1004 843 1275 896 ecclesiam
1302 848 1431 910 quae
1456 859 1560 896 una
1585 843 1664 896 est
1690 844 1742 896 et
1768 857 1920 913 super
1945 858 2107 896 unum
2131 843 2222 911 qui

342 931 394 982 et
429 929 611 986 0101100,
639 930 754 982 eius
788 930 986 996 accepit
1021 929 1235 982 Domini
1274 943 1396 982 uoce
1433 928 1653 982 fundata
1690 931 1806 983 est?
1843 930 1971 983 haec
2006 931 2085 984 est
2118 947 2223 984 una

342 1031 470 1083 quae
503 1017 647 1069 tenet
685 1018 737 1068 et
761 1016 991 1083 possidet
1027 1031 1232 1069 omnem
1267 1015 1440 1084 sponsi
1473 1015 1555 1068 sui
1582 1017 1634 1068 et
1660 1015 1856 1069 domini
1890 1017 2219 1083 potestatem.

341 1103 396 1155 in
421 1102 518 1154 hac
555 1102 921 1170 praesidemuS‚
968 1117 1057 1169 pro
1097 1102 1285 1155 honore
1320 1103 1429 1170 eius
1469 1102 1634 1170 adque
1673 1102 1874 1155 unitate
1912 1118 2222 1172 pugnamus,

341 1188 497 1241 huius
524 1190 575 1242 et
600 1176 827 1258 gratiam
862 1188 1056 1255 pariter
1083 1190 1135 1241 et
1161 1189 1382 1257 gloriam
1418 1188 1560 1241 fideli
1588 1188 1858 1241 deuotione
1884 1188 2221 1243 defendimus,
2241 1202 2283 1235 10

341 1289 432 1327 nos
459 1275 635 1328 diuino
655 1275 909 1343 permissu
928 1276 1160 1343 rigamus
1186 1275 1448 1327 sitientem
1467 1275 1565 1327 Dei
1583 1274 1853 1342 populum‚·
1878 1289 1969 1327 nos
1991 1276 2220 1328 custodi-

342 1376 459 1412 mus
485 1360 732 1413 terminos
757 1360 1004 1413 uitalium
1031 1360 1270 1413 fontium.
1309 1360 1353 1412 si
1379 1360 1716 1428 possessionis
1742 1363 1948 1413 nostrae
1974 1361 2055 1413 ius
2080 1363 2224 1415 tene·
2278 1412 2282 1416 ,

342 1462 475 1511 111110,
517 1447 562 1499 si
598 1448 978 1500 sacramentum
1012 1447 1232 1499 unitatis
1269 1447 1613 1516 agnoscimus,
1659 1463 1750 1499 cur
1786 1448 2224 1514 praeuaricatores

341 1534 599 1601 ueritatiS‚
628 1548 717 1585 cur
738 1532 1023 1601 proditores
1050 1533 1268 1586 unitatis
1296 1533 1604 1586 existimus?
1631 1549 1763 1601 aqua
1789 1536 2030 1587 ecclesiae
2054 1535 2224 1587 fidelis

345 1620 396 1673 et
421 1620 666 1673 salutaris
694 1620 745 1670 et
772 1621 949 1672 sancta
985 1619 1245 1687 corrumpi
1271 1621 1322 1672 et
1348 1619 1628 1672 adulterari
1654 1635 1755 1673 non
1779 1622 1966 1687 potest,
2008 1621 2144 1674 sicut
2171 1622 2223 1674 et
2240 1636 2280 1667 1⁵

345 1707 460 1774 ipsa
496 1706 712 1759 ecclesia
737 1706 1033 1773 incorrupta
1060 1707 1111 1758 et
1137 1707 1280 1759 casta
1306 1708 1357 1759 et
1383 1706 1571 1773 pudica
1598 1707 1690 1759 est.
1717 1708 1762 1758 si
1789 1708 2029 1760 ecclesiae
2053 1707 2227 1760 deuoti

348 1794 399 1846 et
425 1794 480 1845 in
507 1793 720 1846 ecclesia
756 1792 1027 1845 constituti
1063 1794 1183 1845 sunt
1208 1793 1472 1856 haeretici,
1511 1793 1724 1859 possunt
1752 1794 1803 1846 et
1828 1794 2089 1860 baptismo
2117 1794 2227 1846 eius

346 1881 398 1932 et
425 1879 608 1933 ceteris
645 1879 960 1932 salutaribus
1003 1879 1147 1931 bonis
1187 1879 1281 1930 uti.
1323 1878 1367 1930 si
1394 1879 1569 1931 autem
1603 1880 1657 1931 in
1695 1880 1908 1932 ecclesia
1947 1895 2048 1933 non
2087 1882 2225 1944 sunt,

345 1966 506 2017 immo
533 1966 585 2018 et
612 1966 787 2018 contra
826 1965 1093 2017 ecclesiam
1129 1964 1341 2033 faciunt,
1384 1965 1635 2032 quomodo
1671 1965 1934 2033 baptizare
1972 1966 2227 2033 baptismo

349 2052 591 2105 ecclesiae
617 2053 868 2118 possunt?
2242 2065 2286 2098 20

266 2148 328 2199 12
419 2138 599 2204 Neque
626 2138 765 2189 enim
790 2152 951 2204 parua
977 2152 1057 2189 res
1083 2136 1358 2189 haereticis
1385 2137 1436 2188 et
1461 2136 1665 2190 modica
1691 2138 2000 2202 conceditur,
2029 2139 2228 2206 quando

350 2240 379 2277 a
404 2224 551 2277 nobis
588 2225 846 2291 baptisma
873 2238 1049 2276 eorum
1076 2223 1130 2275 in
1156 2224 1423 2289 acceptum
1448 2224 1684 2287 refertur,
1726 2239 1843 2276 cum
1870 2224 1988 2277 inde
2014 2225 2231 2291 incipiat

348 2312 513 2363 omnis
553 2310 673 2363 fidei
699 2310 840 2379 origo
869 2311 920 2362 et
950 2310 1014 2362 ad
1041 2324 1184 2376 spem
1209 2310 1348 2361 uitae
1374 2311 1608 2362 aeternae
1636 2310 1876 2362 salutaris
1903 2311 2152 2380 ingressio
2179 2311 2230 2363 et

347 2397 682 2464 purificandis
723 2412 781 2449 ac
821 2395 1148 2448 uiuificandis
1175 2395 1274 2448 Dei
1312 2396 1474 2448 seruis
1513 2396 1691 2448 diuina
1733 2396 1981 2465 dignatio.
2028 2413 2149 2449 nam
2184 2396 2230 2448 si

346 2483 597 2550 baptizari
632 2483 747 2550 quis
773 2482 909 2548 apud
935 2482 1215 2534 haereticos
1241 2482 1428 2548 potuit,
1470 2482 1648 2548 utique
1676 2482 1727 2534 et
1752 2483 2023 2534 remissam
2048 2497 2227 2549 pecca·
2244 2492 2285 2524 2⁵

439 2698 464 2739 1
488 2698 547 2753 et]
571 2699 640 2740 est
662 2699 707 2740 et
735 2698 777 2741 T
794 2698 838 2739 et
859 2710 893 2739 s.
917 2697 944 2739 Z.
1122 2697 1342 2752 religatus
1365 2696 1466 2749 LP,
1490 2696 1661 2752 ligatus
1685 2696 1730 2739 Β
1912 2697 1940 2740 2
1960 2696 2110 2739 deficit
2132 2697 2176 2740 L

349 2769 377 2812 3
397 2768 527 2811 bibat
548 2770 593 2811 et
615 2770 660 2812 P
784 2769 813 2812 4
832 2768 1005 2825 uentre]
1028 2769 1155 2812 uenis
1177 2769 1214 2812 Ο
1233 2783 1252 2811 0
1273 2782 1305 2812 s.
1330 2769 1358 2811 l.
1476 2768 1747 2811 refluxerunt
1769 2769 1806 2812 C
1929 2769 1957 2812 5
1977 2769 2110 2812 fluius
2132 2770 2177 2812 P

349 2853 461 2895 aque
482 2854 538 2883 eoe
560 2854 671 2896 quae
694 2841 739 2884 P
902 2842 929 2884 6
951 2855 1007 2883 an
1030 2841 1073 2884 L
1093 2854 1126 2883 3.
1152 2841 1178 2884 l.
1347 2841 1372 2883 7
1396 2841 1568 2896 accepit
1590 2843 1634 2883 et
1659 2841 1750 2885 PT
1904 2854 2010 2884 uoce
2031 2827 2178 2884 dffi‘P

348 2912 376 2955 8
398 2914 443 2954 et
465 2911 504 2955 d.
527 2913 813 2968 potestatem]
838 2901 1034 2968 gratiam
1056 2913 1094 2957 O
1238 2913 1264 2956 9
1285 2926 1532 2969 pugnemus
1556 2913 1620 2955 L¹
1767 2913 1822 2956 10
1843 2913 1983 2969 fideli]
2007 2913 2110 2956 fidei
2133 2914 2179 2956 P

348 2982 599 3040 deuotione]
622 2984 791 3027 uirtute
815 2984 852 3028 C
1015 2984 1070 3027 11
1092 2998 1171 3027 nos
1194 2997 1275 3027 om.
1300 2985 1360 3037 N,
1384 2997 1463 3027 1100
1486 2983 1539 3027 de
1560 2999 1587 3029 υ
1750 2984 1896 3027 diuini
1918 2985 1955 3028 C
1962 2988 1973 3007 ¹
2134 2997 2232 3040 per-

350 3054 486 3098 misso
509 3055 566 3099 0²
688 3068 897 3111 rogamus
923 3056 968 3099 Β
1082 3055 1243 3111 populo
1272 3056 1329 3101 0¹
1445 3056 1717 3099 custodimur
1739 3056 1777 3100 C
1782 3059 1793 3079 ¹
1921 3057 1975 3099 12
1995 3056 2232 3112 possessio-

306 3176 309 3179 ,
349 3126 420 3168 nis
443 3139 547 3182 ergo
568 3140 595 3169 v
748 3126 834 3182 ius]
859 3126 953 3169 eius
977 3125 1024 3178 Ο,
1046 3126 1163 3169 iuste
1185 3127 1231 3169 P
1390 3127 1445 3170 13
1467 3127 1506 3170 si
1528 3128 1572 3170 L
1592 3140 1624 3170 s.
1647 3128 1674 3170 l.
1834 3129 2109 3171 sacramento
2130 3127 2177 3170 Β

350 3197 408 3240 14
443 3197 676 3240 existimus
716 3210 828 3241 corr.
867 3187 925 3241 'in
965 3197 1273 3241 existimamus
1311 3199 1357 3251 G,
1401 3198 1728 3242 exsistimemus
1763 3200 1806 3243 Τ
1839 3199 1892 3243 in
1930 3212 2038 3254 ras„
2081 3199 2233 3241 existi-

349 3281 523 3311 mamur
544 3283 570 3313 v
735 3283 874 3325 aquae
896 3269 975 3322 L¹‚
999 3282 1138 3325 asqua
1164 3271 1214 3321 T,
1236 3272 1327 3326 atq.
1351 3271 1396 3313 Β
1567 3271 1622 3314 15
1643 3271 1862 3327 corrumpi
1886 3304 1896 3313 .
1915 3303 1924 3313 .
1944 3305 1952 3313 .
1977 3270 2234 3326 incorrupta

350 3354 432 3385 om.
458 3342 503 3385 Β
723 3355 757 3385 c.
781 3343 841 3399 et]
865 3356 899 3386 c.
923 3343 1002 3385 aut
1029 3342 1067 3387 Ο
1083 3342 1161 3386 sed
1182 3343 1262 3384 aut
1281 3356 1314 3386 s.
1338 3343 1366 3386 l.
1600 3344 1655 3386 16
1676 3344 1721 3386 et
1740 3342 1902 3399 pudica
1922 3343 1969 3385 et
1987 3344 2110 3385 casta
2132 3342 2178 3385 B

350 3415 420 3456 est
441 3427 497 3457 ex
517 3416 563 3456 et
588 3413 626 3457 G
874 3414 914 3456 si
935 3425 1050 3457 corr.
1070 3414 1124 3456 in
1145 3413 1207 3455 sic
1229 3413 1284 3465 L,
1308 3414 1347 3455 si
1369 3426 1473 3469 ergo
1495 3413 1541 3457 Β
1789 3413 1843 3456 17
1865 3414 1944 3456 alt.
1967 3414 2012 3456 et
2031 3426 2114 3456 om.
2143 3412 2182 3457 G

348 3485 408 3528 20
427 3485 635 3528 eclesiam
656 3485 701 3528 L
900 3484 957 3528 22
979 3483 1175 3528 defertur
1197 3484 1386 3528 LNPT
1578 3484 1635 3529 24
1655 3497 1705 3528 ac
1723 3482 2006 3527 uiuificandis
2027 3496 2107 3527 om.
2132 3483 2180 3527 B

351 3556 408 3598 25
428 3557 614 3599 remissa
636 3556 787 3601 B0¹P
