2332 3978
272 276 378 331 686
445 239 451 241 ⁴
944 272 1188 333 Caecilii
1217 272 1486 332 Cypriani

271 404 600 468 conscientia,
664 419 823 471 quam
873 403 1174 459 execrabilis
1224 404 1354 468 uita,
1406 386 1557 471 quam
1610 403 1795 472 turpis,
1847 406 1909 458 ut
1958 404 2058 459 etsi
2104 391 2162 460 in
2189 431 2202 437 -
2235 407 2254 445 l

272 488 487 543 ecclesia
524 490 709 554 essent,
748 490 845 544 eici
880 490 1014 544 tales
1044 490 1106 544 de
1144 489 1362 544 ecclesia
1397 490 1741 543 debuissent?
1781 490 2000 559 denique
2037 491 2160 559 quia
2235 488 2245 511 ²

272 576 638 631 conscientiam
683 592 831 630 suam
871 577 1076 641 norunt,
1121 592 1214 631 nec
1252 576 1443 629 audent
1479 576 1655 630 uenire
1689 576 1780 629 aut
1817 576 1883 630 ad
1919 576 2161 630 ecclesiae

276 663 440 734 limen
466 663 720 727 accedere,
749 663 838 715 sed
864 663 989 718 foris
1016 679 1106 730 per
1133 662 1456 731 prouinciam
1482 662 1947 716 circumueniendis
1981 661 2161 716 fratri·
2247 672 2254 681 “

272 749 370 803 bus
397 751 449 802 et
476 749 759 817 spoliandis
785 751 1066 818 pererrant,
1104 749 1156 802 et
1182 749 1422 802 omnibus
1446 749 1553 801 iam
1579 749 1708 802 satis
1734 748 1844 801 noti
1871 748 2036 816 adque
2062 764 2195 810 unq

273 835 429 902 dique
463 850 553 903 pro
590 835 696 888 suis
731 835 1046 889 facinoribus
1082 835 1301 900 exclusi,
1344 834 1471 888 illuc
1498 835 1658 888 etiam
1682 835 1747 887 ad
1773 850 1864 888 uos
1890 834 2158 904 nauigant.
2271 823 2273 826 ¹

278 937 442 988 neque
468 921 606 974 enim
631 922 802 990 potest
827 921 935 974 illis
962 920 1103 974 frons
1130 936 1240 974 esse
1267 920 1334 973 ad
1364 935 1455 973 nos
1482 921 1755 975 accedendi
1782 922 1874 974 aut
1900 920 2038 989 apud
2072 936 2163 974 nos

276 1007 603 1072 consistendi,
641 1023 759 1061 cum
785 1007 890 1060 sint
914 1007 1250 1060 acerbissima
1277 1007 1329 1060 et
1354 1007 1666 1076 grauissima
1691 1007 1910 1060 crimina
1936 1023 2064 1075 quae
2090 1008 2163 1061 eis
2205 1064 2208 1070 ,

277 1110 308 1147 6
341 1094 589 1147 fratribus
625 1095 944 1163 ingerantur.
990 1094 1035 1146 si
1073 1093 1329 1146 iudicium
1372 1095 1611 1147 nostrum
1643 1094 1903 1147 uoluerint
1941 1094 2161 1163 experiri

277 1181 503 1234 ueniant.
532 1167 748 1248 denique
775 1181 818 1232 si
846 1197 947 1248 qua
973 1180 1082 1233 illis
1109 1180 1369 1234 excusatio
1397 1182 1449 1233 et
1475 1180 1703 1234 defensio
1729 1181 1902 1248 potest
1928 1196 2052 1245 esse,
2079 1180 2163 1233 ui·
2182 1198 2224 1231 10
2280 1167 2325 1254 ’-

282 1267 494 1320 deamus
521 1284 671 1335 quem
701 1267 924 1321 habeant
949 1267 1319 1321 satisfactionis
1347 1282 1470 1320 suae
1495 1282 1722 1332 sensum,
1751 1282 1906 1334 quem
1931 1266 2166 1320 adferant
2237 1317 2240 1319 .
2295 1319 2297 1322 .

277 1354 627 1422 paenitentiae
653 1354 899 1407 fructum.
927 1371 1020 1407 nec
1047 1354 1264 1407 ecclesia
1289 1353 1410 1406 istic
1435 1354 1676 1421 cuiquam
1700 1353 1930 1406 cluditur
1947 1369 2039 1406 nec
2059 1354 2168 1421 epi·
2297 1359 2301 1366 ’

279 1455 460 1508 scopus
481 1440 639 1493 alicui
660 1441 958 1510 denegatur.
987 1441 1242 1509 patientia
1260 1442 1312 1493 et
1338 1439 1580 1494 facilitas*
1591 1442 1644 1493 et
1668 1441 1967 1493 humanitas
1994 1441 2168 1493 nostra

280 1526 607 1580 uenientibus
645 1529 851 1595 praesto
894 1529 986 1580 est.
1030 1527 1149 1595 opto
1187 1543 1362 1580 omnes
1399 1527 1454 1579 in
1488 1524 1760 1580 ecclesiam
1786 1526 2007 1596 regredi,
2047 1528 2166 1594 opto

279 1614 546 1666 uniuersos
581 1614 938 1667 conmilitones
976 1615 1176 1667 nostros
1212 1613 1350 1666 intra
1375 1612 1570 1666 Christi
1596 1615 1766 1666 castra
1791 1613 1843 1665 et
1867 1613 1966 1666 Dei
2002 1613 2164 1681 patris
2183 1632 2224 1664 15
2294 1601 2332 1690 ’ᾗ

281 1699 546 1753 domicilia
588 1701 838 1754 concludi.
885 1700 1097 1753 remitto
1143 1700 1342 1764 omnia,
1388 1700 1559 1753 multa
1595 1699 1867 1752 dissimulo
1908 1699 2080 1751 studio
2119 1700 2169 1752 et

285 1789 406 1840 uoto
452 1788 768 1857 colligendae
812 1787 1174 1840 fraternitatis.
1223 1787 1383 1839 etiam
1426 1803 1556 1854 quae
1596 1786 1652 1839 in
1686 1786 1856 1839 Deum
1897 1785 2171 1839 commissa
2308 1776 2332 1850 ’ζξ

283 1876 405 1927 sunt
431 1891 546 1949 ,11011
581 1875 731 1941 pleno
769 1874 960 1926 iudicio
1006 1874 1270 1943 religionis
1308 1870 1557 1926 examine.
1610 1872 1815 1926 delictis
1859 1872 1975 1939 plus
2013 1888 2169 1940 quam
2307 1878 2311 1885 “

283 1961 419 2027 quod
446 1962 645 2029 oportet
670 1960 997 2014 remittendis
1024 1975 1179 2029 paene
1205 1960 1315 2027 ipse
1342 1959 1598 2026 delinquo,
1627 1959 1909 2026 amplector
1933 1959 2170 2025 prompta
2314 2020 2326 2030 ..

285 2049 337 2101 et
361 2047 512 2115 plena
550 2048 820 2100 dilectione
859 2064 978 2099 cum
1003 2046 1319 2113 paenitentia
1344 2047 1684 2110 reuertenteS,
1722 2046 1990 2112 peccatum
2016 2060 2168 2097 suum
2189 2069 2231 2101 20
2313 2036 2332 2094 2³

287 2134 638 2187 satisfactione
663 2133 851 2185 humili
879 2135 930 2185 et
956 2133 1184 2199 simplici
1212 2132 1525 2185 confitentes,

203 2227 262 2279 17
359 2220 411 2273 Si
439 2221 528 2287 qui
563 2221 736 2271 autem
777 2221 898 2271 sunt
938 2220 1026 2286 qui
1064 2221 1255 2286 putant
1294 2234 1346 2271 se
1386 2219 1452 2271 ad
1490 2218 1757 2271 ecclesiam
1797 2233 1897 2270 non
1935 2217 2171 2286 precibus

285 2308 374 2361 sed
400 2307 555 2359 minis
581 2306 782 2374 regredi
809 2321 956 2373 posse
982 2307 1072 2358 aut
1100 2306 1399 2358 existimant
1427 2305 1631 2358 aditum
1658 2320 1710 2357 se
1734 2305 1835 2357 sibi
1854 2319 1954 2356 non
1974 2305 2172 2356 lamen-

285 2394 572 2446 tationibus
618 2395 670 2446 et
715 2392 1159 2446 satisfactionibus
1206 2392 1296 2445 sed
1341 2393 1621 2445 terroribus
1665 2391 1855 2455 facere,
1902 2406 1991 2458 pro
2037 2391 2172 2442 certo

374 2622 399 2665 1
422 2622 507 2665 etsi
529 2622 592 2679 in]
617 2623 662 2665 et
684 2623 776 2665 31116
799 2621 842 2665 R
959 2622 986 2665 3
1008 2621 1191 2665 audient
1216 2621 1317 2674 PR,
1341 2634 1419 2664 nos
1442 2620 1605 2664 audent
1626 2634 1652 2664 v
1769 2620 1920 2663 uenire
1941 2618 2114 2663 CLPR
2124 2617 2175 2672 V7

287 2693 409 2736 adire
434 2693 499 2751 Qv
627 2693 699 2750 ad]
722 2693 774 2737 de
797 2694 840 2738 R
975 2693 1158 2736 ccclesia
1180 2693 1219 2737 C'
1350 2694 1378 2736 4
1400 2693 1560 2736 climen
1583 2693 1647 2736 L¹
1785 2692 2037 2736 accedentes
2060 2692 2116 2735 (1ι

288 2765 365 2808 sed
386 2779 486 2821 emp.
511 2765 549 2811 C
676 2766 703 2808 6
724 2779 802 2822 pro
825 2778 881 2809 ex
901 2779 979 2822 per
1001 2765 1039 2809 G
1166 2765 1190 2808 7
1214 2765 1333 2809 enim
1354 2779 1437 2809 om.
1461 2764 1553 2809 LP
1666 2765 1764 2807 fons
1788 2764 1832 2807 L
1947 2763 2174 2807 accedenti

288 2839 369 2880 aut
391 2837 531 2893 capud
552 2838 608 2882 0¹
768 2839 796 2882 8
818 2838 1094 2881 aceruissimi
1116 2838 1177 2881 M
1195 2837 1502 2893 (acerbissima
1530 2836 1586 2894 Q)
1731 2838 1777 2879 et
1798 2836 2068 2893 grauissima
2090 2849 2170 2879 om.

289 2910 397 2953 LM
415 2911 532 2965 (esch.
563 2910 620 2966 Q)
784 2911 811 2953 9
834 2910 1100 2966 ingeruntur
1119 2924 1146 2954 v
1291 2909 1481 2966 experiri
1501 2922 1582 2953 om.
1598 2909 1656 2951 -V
1809 2908 1865 2951 10
1885 2908 2095 2951 ucniaent
2117 2907 2173 2958 L,

289 2981 472 3025 uenient
493 2982 532 3026 G
655 2982 765 3038 esse]
787 2983 928 3025 tuisse
950 2982 987 3026 C
1117 2982 1169 3025 11
1193 2981 1397 3024 adferant
1417 2994 1531 3025 corr.
1554 2981 1607 3024 in
1627 2980 1816 3024 offerant
1837 2980 1875 3025 C
1994 2981 2049 3023 12
2069 2979 2174 3023 fluc-

288 3055 387 3096 tum
408 3054 453 3097 L
597 3054 781 3097 ecclesia
803 3054 888 3097 stic
910 3053 966 3106 L,
990 3053 1262 3097 eclesiastico
1285 3054 1341 3106 P,
1364 3052 1656 3096 ecclesiastici
1684 3052 1721 3109 Q
1877 3053 1931 3097 12
1953 3054 2174 3108 episcopa-

288 3127 363 3168 tus
387 3125 426 3182 Q
513 3126 568 3169 13
585 3126 830 3182 patientiae
851 3127 895 3169 et
917 3139 1015 3181 exp.
1037 3126 1083 3178 0,
1107 3127 1159 3169 in
1178 3139 1317 3183 mary.
1340 3125 1587 3182 patientiae
1675 3125 1843 3180 nostra]
1867 3126 2021 3168 sancta
2037 3124 2118 3168 GR

291 3197 348 3240 14
368 3211 515 3241 omnes
536 3211 618 3242 om.
642 3199 679 3242 C
827 3198 882 3242 15
902 3198 1187 3242 obmilitones
1212 3198 1258 3242 R
1278 3198 1356 3241 sed
1377 3197 1432 3241 ob
1453 3198 1506 3240 in
1526 3210 1616 3240 ras.
1768 3197 1823 3240 16
1844 3196 2052 3240 conclude
2073 3196 2119 3241 R

290 3269 506 3313 dissimili
526 3270 571 3313 L
729 3271 788 3326 et]
812 3283 862 3313 ac
884 3269 966 3314 GR
1130 3270 1183 3313 17
1207 3269 1365 3325 etiam]
1387 3270 1477 3312 iam
1498 3269 1535 3313 C
1694 3268 1954 3312 commissa*
1984 3267 2021 3325 Q
2043 3270 2175 3322 (com-

291 3340 427 3385 misse
447 3342 523 3398 110
656 3342 710 3385 18
733 3355 866 3398 quam
887 3341 1017 3398 quod]
1041 3354 1175 3398 quam
1197 3341 1306 3386 GRv
1438 3342 1492 3384 19
1514 3340 1794 3384 dimittendis
1822 3339 1866 3383 V
1986 3352 2118 3396 p*ene
2140 3339 2180 3384 G

291 3412 311 3456 1
335 3426 447 3457 eras.
585 3414 682 3470 ipso
703 3414 763 3457 M
781 3414 895 3470 (ipse
921 3413 976 3470 Q)
1119 3413 1174 3456 21
1198 3412 1520 3469 satisfactione]
1544 3412 1738 3455 factione
1761 3411 1799 3456 G
1932 3411 1988 3455 23
2009 3411 2102 3467 aut]
2125 3413 2177 3454 ut

295 3483 378 3527 isti
400 3485 437 3529 C
453 3485 533 3529 sed
553 3485 635 3528 isti
654 3499 689 3529 s.
711 3486 740 3529 l.
898 3499 943 3530 se
964 3498 1048 3530 om.
1070 3484 1182 3541 PQ²
1204 3485 1323 3540 (eoeh.
1352 3483 1410 3541 Q)
1566 3483 1632 3527 ibi
1651 3483 1714 3527 M
1730 3483 1838 3539 (sibi
1865 3482 1919 3540 Q)
2073 3483 2174 3539 non]

294 3568 400 3599 nam
421 3556 469 3609 Ο,
491 3569 578 3600 11011
600 3557 804 3613 precibus
827 3557 872 3602 R
987 3557 1045 3601 24
1065 3557 1111 3600 et
1132 3555 1519 3600 satisfactionibus
1542 3568 1624 3600 om.
1648 3556 1692 3599 L
1808 3557 1928 3599 certe
1949 3554 2006 3600 0²
