2332 3978
376 286 481 340 754
1034 279 1279 327 caecilii
1318 255 1592 338 cyprian-i

374 414 631 474 habitans
651 413 707 466 in
745 412 895 465 domo
933 410 1032 464 Dei
1068 411 1124 464 id
1163 412 1240 464 est
1277 410 1333 463 in
1370 409 1582 463 ecclesia
1616 410 1731 474 Dei,
1775 410 1830 463 in
1877 426 1979 477 qua
2015 425 2116 463 non
2150 409 2253 463 nisi
2329 396 2332 406 ἶ

378 489 648 554 concordes
685 499 849 566 adque
887 498 1156 551 unanimes
1192 496 1452 564 habitant⁷
1505 496 1745 563 loquente
1791 495 1857 548 in.
1882 496 2098 563 psalmis
2136 495 2243 564 spi-

374 588 481 639 ritu
517 586 689 639 sancto
717 585 768 638 et
794 584 1018 637 dicente:
1057 583 1224 636 Deus
1263 582 1369 650 qui
1407 581 1794 635 inhabitare
1831 581 1996 634 facit
2032 582 2256 635 unani-

379 687 506 725 mes
543 671 606 724 in
643 672 859 724 domo?
898 670 1114 737 denique
1152 667 1554 721 unanimitatem
1593 667 1930 721 christianam
1966 667 2116 720 firma
2152 667 2253 721 sibi

381 757 545 825 adque
619 756 953 823 inseparabili
1015 755 1230 808 caritate
1293 768 1536 806 conexam
1597 753 1758 806 etiam
1817 753 1930 819 ipsa
1991 752 2248 813 dominica
2265 770 2284 800 ⁵

381 842 631 896 sacrificia
667 843 950 896 declarant.
982 857 1104 894 nam
1142 839 1343 907 quando
1370 839 1625 893 Dominus
1663 854 1844 907 corpus
1883 854 2036 891 suum
2068 855 2254 907 panem

381 930 533 982 uocat
570 929 631 982 de
668 929 954 982 multorum
992 941 1270 995 granorum
1309 926 1615 979 adunatione
1652 926 1969 995 congestum,
2005 927 2255 994 populum

382 1016 615 1068 nostrum
654 1031 806 1082 quem
843 1014 1086 1082 portabat
1123 1013 1319 1066 indicat
1358 1013 1667 1066 adunatum:
1709 1014 1761 1065 et
1799 1013 2001 1079 quando
2041 1012 2252 1080 sangui-

379 1116 496 1154 nem
532 1117 684 1155 suum
722 1102 905 1153 uinum
951 1101 1180 1168 appellat
1229 1100 1291 1152 de
1338 1100 1540 1153 botruis
1590 1100 1756 1167 adque
1804 1099 1963 1152 acinis
2012 1098 2255 1167 plurimis

377 1181 674 1255 expressum'
698 1187 862 1255 adque
887 1188 942 1240 in
968 1203 1131 1239 unum
1159 1188 1408 1250 coactum,
1437 1201 1649 1255 gregem
1675 1186 1805 1238 item
1830 1185 2065 1237 nostrum
2091 1184 2254 1253 signi·¹
2271 1198 2313 1231 ιο

376 1273 498 1327 ficat
523 1274 886 1327 commixtione
912 1274 1166 1326 adunatae
1193 1272 1552 1326 multitudinis
1581 1272 1892 1340 copulatum.
1931 1271 1976 1324 si
2002 1269 2256 1323 Nouatia-

377 1376 474 1412 nus
509 1360 629 1413 huic
662 1360 787 1427 pani
826 1360 1082 1413 dominico
1121 1360 1376 1412 adunatus
1414 1359 1507 1423 est,
1549 1359 1593 1411 si
1618 1357 1823 1433 >Christi
1858 1358 2040 1424 poculo
2069 1357 2255 1424 etipse

381 1447 668 1500 conmixtus
707 1448 800 1511 est,
841 1447 1033 1514 poterit
1070 1447 1237 1499 uideri
1275 1447 1326 1498 et
1352 1447 1492 1499 unici
1519 1446 1856 1499 ecclesiastici
1882 1446 2137 1514 baptismi
2162 1446 2254 1497 ha-

375 1533 494 1586 bere
519 1533 744 1602 gratiam
770 1548 931 1602 posse,
961 1533 1005 1586 si
1033 1550 1151 1585 eum
1178 1533 1470 1585 constiterit
1497 1532 1741 1585 ecclesiae
1767 1524 2030 1585 unitatem
2065 1532 2252 1584 tenere.

324 1625 356 1676 6
445 1620 677 1687 Denique
704 1636 858 1687 quam
886 1619 955 1671 sit
981 1619 1321 1686 inseparabile
1348 1619 1563 1671 unitatis
1592 1618 1972 1671 sacramentum
2008 1619 2061 1670 et
2097 1633 2252 1684 quam
2270 1630 2309 1661 15

375 1704 482 1759 sine
509 1721 594 1773 spe
621 1706 725 1759 sint
752 1707 802 1759 et
839 1706 1181 1773 perditionem
1218 1705 1319 1758 sibi
1355 1705 1639 1758 maximam
1674 1705 1736 1757 de
1772 1703 2129 1773 indignatione
2157 1703 2254 1755 Dei

375 1792 647 1859 adquirant
674 1793 761 1859 qui
789 1793 1011 1845 schisma
1038 1792 1237 1845 faciunt
1264 1793 1315 1844 et
1340 1792 1521 1845 relicto
1551 1792 1783 1858 episcopo
1812 1790 1976 1842 alium
2004 1789 2105 1841 sibi
2127 1789 2251 1841 foris

374 1878 863 1946 pseudoepiscopum
889 1879 1224 1942 constituunt,
1255 1878 1484 1931 declarat
1509 1878 1563 1929 in
1588 1877 1738 1929 libris
1765 1877 2063 1945 Regnorum
2088 1876 2251 1942 scrip-

374 1966 495 2017 tura
536 1956 726 2029 diuina,
772 1965 862 2017 ubi
889 1981 918 2016 a
943 1965 1084 2017 tribu
1110 1965 1241 2017 Iuda
1276 1966 1328 2016 et
1354 1964 1627 2016 Beniamin
1666 1964 1841 2016 decem
1867 1962 2035 2015 tribus
2062 1962 2249 2015 scissae

373 2052 493 2104 sunt
533 2052 584 2103 et
616 2051 796 2104 relicto
833 2066 951 2119 rege
988 2066 1077 2103 suo
1117 2052 1340 2103 alterum
1380 2050 1479 2102 sibi
1516 2049 1641 2102 foris
1669 2050 2013 2101 constituunt:
2055 2049 2118 2100 et
2154 2048 2246 2101 in-
2263 2059 2307 2093 20

376 2137 684 2206 dignatus
726 2139 847 2200 est,
892 2138 1077 2204 inquit,
1106 2138 1418 2190 Dominus
1457 2137 1522 2189 in
1562 2137 1734 2189 omni
1774 2136 2010 2188 semine
2038 2134 2250 2188 Israel

375 2224 433 2275 et
471 2224 754 2276 dimouit
804 2238 906 2276 eos
959 2225 1022 2275 et
1071 2224 1252 2276 dedit
1302 2239 1402 2276 eos
1450 2224 1515 2275 in
1562 2213 2001 2290 direptionem
2052 2221 2251 2273 donec

542 2378 569 2421 3
600 2378 671 2421 Ps.
705 2379 771 2431 67,
805 2379 842 2422 7.
962 2378 1019 2421 20
1049 2378 1097 2421 II
1128 2378 1236 2434 Reg.
1268 2380 1335 2432 17,
1367 2380 1435 2423 20.
1468 2380 1537 2423 21.

460 2537 485 2578 1
508 2522 661 2579 ‹11‘13‘01
858 2536 943 2591 dei]
968 2536 1126 2579 christi
1148 2536 1229 2580 GR
1425 2537 1452 2579 2
1473 2535 1721 2578 unianimes
1744 2534 1837 2585 CL,
1859 2533 2134 2577 unanimitas
2159 2534 2193 2578 s

372 2607 572 2663 psalmis]
596 2607 833 2663 psalmista
861 2607 899 2652 Ο
1159 2608 1186 2651 3
1207 2608 1412 2651 habitare
1441 2608 1522 2652 CR
1780 2607 2027 2649 unianimes
2050 2606 2193 2650 C¹LS
2209 2612 2252 2650 et

373 2681 443 2723 ita
462 2680 645 2735 saepius
873 2680 903 2723 4
923 2680 1183 2723 cristianam
1207 2680 1244 2723 S
1472 2679 1497 2722 6
1519 2679 1799 2722 declarantur
1822 2679 1857 2723 C
1865 2681 1876 2702 ¹
2081 2686 2083 2688 ’
2106 2679 2129 2720 7
2152 2691 2251 2721 con-

375 2751 541 2793 iestum
561 2751 608 2795 R
775 2752 801 2794 9
822 2751 997 2795 botruis
1020 2752 1057 2796 C
1063 2752 1336 2808 ¹LPQR1V,
1359 2751 1535 2794 butruis
1559 2751 1604 2803 S,
1628 2751 1770 2794 botris
1793 2751 1945 2795 C²R²v
2110 2751 2252 2794 acinis

376 2834 433 2864 ecc
455 2821 610 2864 amicis
634 2822 690 2875 L,
712 2823 900 2865 racemis
930 2823 967 2867 C'
1129 2822 1185 2865 10
1205 2823 1470 2879 expressum]
1495 2825 1540 2865 et
1562 2825 1789 2878 presumat
1810 2823 1856 2867 R
2022 2856 2031 2865 .
2053 2823 2171 2866 Item
2192 2823 2249 2874 L,

374 2905 456 2935 om.
480 2894 526 2936 P
766 2894 819 2937 11
842 2894 1147 2938 commistione
1169 2894 1205 2938 S
1437 2893 1627 2937 adunate
1655 2894 1703 2950 Q,
1727 2894 1961 2938 adunitate
1985 2894 2023 2938 S
2028 2911 2044 2949 ,·
2065 2895 2172 2948 fort.
2196 2894 2252 2937 ad

376 2986 597 3029 unitatem
858 2952 1241 3044 copulatzii'iilllssssnt
1262 2973 1366 3042 ‘sxplm
1386 2987 1442 3031 R.
1467 3000 1546 3031 om.
1576 2987 1615 3029 si
1636 2987 1906 3031 nouatianus
1933 3023 1940 3031 .
1961 3021 1968 3028 .
1989 3021 1997 3028 .
2016 3002 2066 3043 p.
2089 2991 2115 3031 '7
2120 2990 2250 3044 65,11

374 3071 552 3113 peccare
573 3072 699 3115 coepe
931 3060 984 3102 12
1005 3060 1108 3103 huic
1131 3073 1185 3103 eoe
1206 3060 1279 3102 hic
1301 3061 1339 3105 Ο
1565 3058 1604 3101 si
1625 3073 1705 3104 om.
1730 3060 1768 3104 S
1994 3060 2048 3104 13
2068 3059 2251 3116 poterit]

373 3131 522 3186 potest
543 3130 581 3174 C
792 3131 847 3175 14
867 3132 1151 3175 constituerit
1173 3132 1209 3176 S
1410 3134 1595 3178 ecclesia
1616 3133 1663 3177 L
1874 3132 1928 3177 15
1949 3133 1995 3175 et
2014 3132 2162 3188 quam]
2187 3133 2255 3174 est
2285 3156 2293 3164 ·

377 3214 511 3257 quam
533 3202 570 3247 S
770 3204 824 3247 16
845 3203 951 3261 sibi]
975 3204 1075 3247 subi
1095 3204 1135 3248 S
1303 3206 1514 3253 {maxima
1537 3205 1582 3257 S,
1604 3206 1795 3248 maxime
1822 3204 1861 3249 0
2046 3203 2253 3259 indigna-

375 3272 545 3317 tionem
566 3274 612 3318 L
783 3276 836 3318 17
858 3275 1051 3319 chrisma
1072 3276 1111 3320 S
1270 3277 1379 3320 foris
1400 3276 1816 3333 pseudoepiscopum
1838 3289 1921 3320 om.
1946 3275 1984 3320 S
2142 3274 2253 3318 foris

374 3345 520 3412 posito
549 3346 587 3390 Ο
804 3347 858 3390 18
880 3360 1114 3404 regnorum
1137 3382 1148 3392 .
1167 3383 1177 3393 .
1196 3381 1207 3392 .
1229 3348 1356 3391 tribu
1377 3362 1458 3392 om.
1482 3348 1527 3391 L
1746 3348 1800 3391 19
1820 3346 1960 3403 tribu]
1983 3346 2129 3396 tribus
2150 3345 2250 3403 ΡΩ,

375 3405 578 3472 patribus
600 3418 637 3462 S
806 3418 947 3462 decim
968 3419 1015 3462 P
1175 3419 1370 3463 schissae
1394 3419 1433 3464 S
1598 3419 1656 3462 20
1675 3419 1768 3462 sint
1789 3418 1921 3463 LPS
2080 3418 2185 3460 sunt
2206 3418 2251 3460 et

375 3488 484 3542 fort.
507 3489 819 3546 eoepwnyenda
1077 3491 1407 3535 constituerunt
1426 3504 1466 3543 v,
1487 3490 1781 3534 instituerunt
1802 3489 1840 3534 Ο
2102 3489 2158 3532 21
2182 3489 2252 3532 est

376 3572 459 3603 om.
484 3559 523 3604 S
690 3574 816 3605 omne
838 3549 930 3606 sefn
952 3562 990 3607 0
1159 3561 1349 3605 istrahel
1377 3561 1455 3619 QS
1469 3551 1570 3618 (isrl
1590 3562 1666 3618 M)
1686 3563 1756 3605 ita
1773 3562 1956 3617 saepius
