2332 3978
331 355 437 407 338
973 352 1214 398 Caecilii
1245 353 1512 411 Cypriani

321 483 671 547 cohaerenteS,
700 486 760 537 ut
784 484 941 551 primi
962 485 1017 538 in
1043 484 1378 553 dispositione
1405 483 1583 538 diuina
1609 482 1808 553 septem
1834 487 1944 542 dies
1970 494 2220 541 annorum
2285 499 2291 524 ³

327 570 528 635 septem
556 569 705 622 milia
747 570 1091 636 continenteS,
1131 572 1192 624 ut
1230 571 1429 638 septem
1467 570 1682 639 spiritus
1721 572 1774 625 et
1810 573 1982 643 angeli
2021 574 2217 642 septem

328 655 420 722 qui
446 655 707 708 adsistunt
732 658 783 709 et
809 658 1172 710 conuersantur
1208 658 1328 710 ante
1366 655 1552 709 faciem
1590 657 1688 710 Dei
1727 658 1780 711 et
1816 658 2023 713 lucerna
2060 659 2220 728 septi-

326 742 510 795 formis
535 742 590 795 in
634 742 964 797 tabernaculo
1010 743 1251 811 martyrii
1295 744 1347 795 et
1391 742 1446 794 in
1472 742 1786 812 Apocalypsi
1812 746 2010 813 septem
2034 745 2220 800 cande·
2291 764 2294 767 ⁴

328 827 475 881 labra
520 846 674 883 aurea
719 831 771 882 et
815 830 941 897 aput
985 828 1311 882 Salomonem
1357 828 1624 882 columnae
1650 830 1873 898 septem,
1914 846 2067 900 super
2092 847 2220 899 quas
2288 851 2291 878 1

329 914 568 968 aedificat
594 915 805 968 domum
831 915 1110 983 sapientia,
1151 915 1226 967 ita
1254 916 1305 967 et
1331 914 1453 967 istic
1479 916 1678 983 septem
1716 915 1940 970 fratrum
1977 934 2222 972 numerus
2294 951 2296 954 -

330 1002 571 1055 ecclesias
594 1004 791 1068 septem
811 1001 1013 1054 numeri
1039 1001 1119 1053 sui
1146 1000 1439 1067 quantitate
1467 1001 1755 1069 conplexus,
1785 1003 2067 1057 secundum
2087 1005 2223 1072 quod
2294 1017 2299 1061 ,ἰ

330 1087 386 1139 in
411 1088 579 1155 primo
604 1089 899 1157 Regnorum
924 1088 1147 1156 legimus
1185 1087 1417 1139 sterilem
1456 1088 1654 1154 septem
1691 1090 1964 1157 peperisse.
2006 1092 2057 1144 et
2095 1095 2223 1160 aput
2302 1101 2318 1146 ’,ᾖ

332 1174 541 1227 Esaiam
587 1175 784 1240 septem
827 1173 1071 1226 mulieres
1116 1190 1277 1225 unum
1324 1173 1587 1226 hominem
1623 1174 2035 1243 adprehendunt,
2078 1179 2222 1232 cuius
2307 1187 2329 1250 53⁴

330 1261 561 1314 inuocari
587 1276 739 1328 super
764 1275 816 1312 se
841 1276 1026 1313 nomen
1048 1260 1339 1327 exposcunt.
1381 1261 1433 1313 et
1461 1262 1723 1328 apostolus
1742 1262 1938 1316 Paulus
1962 1264 2051 1331 qui
2069 1265 2223 1318 huius
2240 1288 2281 1322 ιο

331 1347 534 1400 numeri
559 1345 786 1414 legitimi
814 1347 865 1398 et
892 1347 1019 1399 certi
1046 1346 1288 1399 meminit
1315 1346 1381 1399 ad
1409 1348 1607 1414 septem
1645 1348 1888 1402 ecclesias
1930 1350 2132 1403 scribit.
2172 1353 2224 1404 et
2298 1351 2332 1418 *p

331 1432 387 1484 in
413 1432 728 1501 Apocalypsi
747 1432 1000 1485 Dominus
1021 1432 1267 1484 mandata
1288 1448 1381 1485 sua
1401 1432 1580 1486 diuina
1607 1435 1659 1487 et
1684 1436 1957 1504 praecepta
1984 1437 2224 1490 caelestia

333 1519 399 1571 ad
424 1521 623 1587 septem
650 1522 887 1574 ecclesias
913 1522 966 1573 et
993 1537 1169 1574 earum
1195 1522 1403 1590 angelos
1431 1522 1629 1592 dirigit.
1671 1524 1760 1591 qui
1798 1542 1933 1578 nunc
1970 1526 2089 1579 istic
2125 1544 2222 1580 nu·
2312 1518 2322 1561 5‘

333 1621 507 1658 merus
533 1606 587 1659 in
612 1608 860 1661 fratribus
887 1607 1176 1672 inuenitur,
1217 1609 1277 1660 ut
1315 1610 1694 1663 consummatio
1719 1611 1960 1680 legitima
1986 1615 2222 1681 conplea-

333 1691 435 1743 tur.
479 1708 595 1746 cum
623 1696 822 1763 septem
857 1694 1035 1747 liberis
1071 1695 1223 1762 plane
1262 1694 1533 1762 copulatur
1559 1697 1610 1749 et
1636 1700 1806 1751 mater
1831 1701 1973 1769 origo
2000 1702 2052 1754 et
2078 1702 2223 1755 radix
2240 1720 2278 1752 15
2309 1715 2332 1726 ··

334 1794 465 1845 quae
510 1781 751 1834 ecclesias
796 1783 994 1850 septem
1037 1782 1370 1850 postmodum
1414 1784 1639 1851 peperit,
1680 1784 1795 1854 ipsa
1819 1787 1989 1853 prima
2026 1789 2077 1840 et
2121 1804 2223 1841 una

335 1880 489 1933 super
514 1868 718 1935 petram
756 1868 968 1921 Domini
1006 1883 1130 1921 uoce
1156 1867 1390 1921 fundata.
1431 1884 1524 1921 nec
1549 1872 1703 1924 uacat
1730 1873 1864 1939 quod
1890 1874 1944 1926 in
1968 1874 2223 1942 passioni-

333 1951 430 2003 bus
459 1954 567 2006 sola
594 1970 712 2007 cum
738 1955 916 2008 liberis
942 1957 1110 2008 mater
1137 1956 1228 2007 est.
1270 1957 1524 2024 martyres
1563 1958 1702 2011 enim
1741 1959 1829 2027 qui
1868 1975 1920 2013 se
1959 1961 2056 2014 Dei
2092 1961 2225 2015 filios

334 2037 390 2089 in
427 2040 662 2105 passione
701 2043 962 2095 testantur
985 2043 1093 2095 iam
1119 2057 1219 2095 non
1242 2042 1346 2095 nisi
1371 2043 1478 2096 Deo
1504 2045 1651 2112 patre
1678 2049 1972 2112 censentur,
2013 2048 2147 2102 sicut
2173 2049 2227 2101 in

334 2127 605 2195 euangelio
632 2128 885 2181 Dominus
913 2129 1060 2182 docet
1087 2130 1291 2182 dicens:
1333 2146 1408 2182 ne
1447 2133 1866 2187 uocaueritis
1905 2134 2089 2186 uobis
2127 2150 2227 2203 pa·
2243 2146 2287 2179 2·

334 2213 499 2266 trem
539 2230 729 2283 super
766 2217 1024 2269 terram.
1085 2233 1245 2270 unus
1288 2218 1383 2270 est
1432 2218 1606 2270 enim
1642 2221 1831 2288 pater
1868 2221 2085 2274 uester
2123 2221 2230 2288 qui
2311 2210 2319 2227 ³

335 2298 399 2351 in
438 2301 639 2354 caelis
681 2304 791 2355 est.

410 2384 551 2450 Quae
579 2404 699 2441 uero
728 2389 999 2442 ediderunt
1027 2391 1404 2444 confessionum
1431 2394 1727 2460 praeconia,
1770 2409 1924 2459 quam
1950 2394 2226 2461 praeclara,

337 2488 494 2539 quam
547 2491 737 2543 magna
782 2475 1086 2530 documenta
1131 2478 1251 2531 fidei
1298 2480 1668 2547 praebuerunt!
1709 2494 1795 2531 rex
1822 2479 2110 2533 Antiochus
2147 2480 2227 2531 in-

336 2559 529 2623 festuS,
570 2561 730 2614 immo
769 2562 822 2614 in
860 2562 1117 2617 Antiocho
1158 2566 1494 2618 antichristus
1534 2582 1799 2635 expressus
1827 2582 1913 2619 ora
1938 2568 2228 2635 martyrum
2243 2578 2283 2612 2⁵

337 2646 561 2714 gloriosa
607 2650 658 2700 et
703 2649 891 2716 spiritu
927 2650 1256 2704 confessionis
1302 2652 1503 2705 inuicta
1550 2654 1786 2723 contagio
1832 2653 2016 2705 suillae
2059 2652 2228 2705 carnis

338 2734 600 2786 maculare
627 2735 906 2800 quaerebat
934 2736 984 2787 et
1013 2752 1130 2788 cum
1156 2736 1381 2806 flagellis
1410 2739 1643 2808 grauiter
1668 2740 1988 2792 uerberasset
2015 2754 2074 2792 ac
2097 2738 2229 2791 nihil

513 2905 569 2947 20
600 2906 764 2948 Matth.
789 2907 858 2958 23,
882 2908 919 2950 9.

428 3049 452 3089 1
485 3051 655 3104 septem
678 3051 801 3105 septe
824 3050 861 3094 S
870 3054 877 3076 ¹
974 3050 1001 3093 2
1034 3053 1078 3093 et
1101 3053 1181 3103 W,
1218 3054 1267 3095 ut
1291 3052 1395 3104 SR,
1428 3055 1506 3096 aut
1531 3054 1588 3106 V;
1622 3054 1679 3108 cf.
1705 3059 1802 3098 test.
1830 3054 1864 3097 I
1882 3057 1944 3098 20
2038 3055 2067 3097 3
2088 3055 2229 3097 lucer-

338 3133 418 3162 nas
440 3119 486 3163 R
572 3121 600 3163 4
630 3120 907 3164 tabernaculi
930 3120 967 3165 S
976 3126 983 3149 ¹
1095 3136 1234 3178 super
1256 3124 1466 3181 martyrii
1486 3126 1539 3168 in
1562 3125 1598 3169 S
1616 3140 1671 3169 m.
1695 3139 1805 3170 rea:
1839 3125 1982 3183 moysi
2070 3139 2225 3182 apoca-
2306 3121 2314 3126 ⁸

338 3190 481 3248 lypsis
503 3192 547 3236 R
662 3193 689 3236 ὃ
720 3193 988 3237 solomonem
1011 3193 1048 3237 S
1161 3196 1188 3238 6
1220 3195 1474 3239 aedificauit
1496 3197 1594 3252 Rv;
1627 3199 1686 3252 cf.
1711 3203 1807 3241 test.
1831 3198 1859 3241 Ζ.
1884 3211 1917 3242 c.
2055 3198 2227 3253 sapien·
2284 3215 2290 3222 ·

339 3266 433 3308 tiae
458 3266 520 3309 W
634 3265 817 3321 septem]
841 3265 1119 3320 septenarius
1141 3280 1168 3309 υ
1270 3269 1297 3310 8
1327 3280 1564 3323 regnorum
1585 3268 1700 3312 libro
1720 3285 1746 3315 υ
1852 3270 1880 3313 9
1911 3267 2230 3325 adpraehende-
2299 3271 2303 3278 “

339 3339 447 3380 runt
469 3336 505 3380 s
593 3337 647 3380 12
678 3336 726 3379 in
749 3336 835 3379 ss.
860 3337 886 3379 z.
909 3351 963 3380 m.
985 3340 1017 3380 2
1106 3326 1248 3382 dfiiR
1356 3339 1411 3382 13
1442 3339 1511 3395 ad]
1537 3341 1581 3383 et
1601 3341 1646 3385 R
1733 3341 1818 3385 stre
1841 3341 1896 3385 8¹
1985 3340 2040 3384 14
2061 3341 2230 3395 septem

339 3407 558 3452 fratribus
580 3423 606 3453 v
714 3409 984 3465 conpleatur]
1007 3409 1263 3453 inueniatur
1287 3411 1351 3455 W
1446 3412 1500 3455 15
1531 3413 1778 3471 copulatur]
1797 3414 2078 3469 computatur
2100 3412 2145 3456 R
2232 3432 2235 3433 ⁷
2286 3461 2291 3470 ι
2331 3450 2332 3454 ,

342 3480 395 3522 17
417 3482 593 3536 petram
604 3480 642 3525 S
649 3486 673 3533 ¹,
695 3482 870 3536 petrum
884 3480 1162 3538 S²WRV(‘?)
1250 3494 1355 3525 uoce
1377 3470 1453 3526 dni
1475 3484 1539 3529 W
1623 3485 1678 3528 18
1708 3486 1777 3528 est
1797 3498 1878 3529 om.
1898 3483 1936 3528 S
2038 3483 2092 3527 19
2123 3481 2226 3538 nisi]
2294 3535 2297 3537 ,
2331 3499 2332 3540 }

341 3553 395 3594 ut
407 3552 453 3596 R
525 3542 611 3597 dno
627 3554 692 3598 W
775 3553 997 3596 cessentur
1012 3554 1075 3598 W
1149 3552 1207 3595 20
1227 3552 1369 3610 docet]
1391 3554 1591 3610 loquitur
1607 3556 1654 3601 R
1729 3556 1786 3599 24
1805 3555 1956 3612 quam]
1972 3557 2067 3599 tam
2082 3553 2150 3600 W
2288 3610 2289 3615 ¹
2330 3587 2332 3610 2

342 3622 624 3681 documenta]
643 3626 794 3669 menta
815 3624 860 3669 R
875 3625 927 3667 in
947 3637 1038 3668 ras.
1129 3623 1395 3668 anthiochus
1413 3625 1451 3670 S
1457 3629 1469 3651 ¹
1491 3627 1578 3679 bis,
1601 3627 1800 3671 antiocus
1817 3627 1863 3672 R
1961 3627 2018 3671 26
2049 3624 2227 3682 suillae]
2284 3621 2288 3647 ³
2328 3612 2332 3683 ,¹

345 3708 445 3738 sum
467 3696 572 3740 illae
589 3696 632 3741 R
2273 3762 2289 3768 .-
