2332 3978
715 1032 870 1113 DE
956 1031 1447 1115 LAPSIS.

209 1236 335 1332 Pax
360 1292 472 1332 ecce
488 1317 501 1343 ‚
541 1276 868 1330 dilectissimi
895 1276 1110 1344 fratreS‚
1150 1277 1393 1332 ecclesiae
1437 1278 1642 1333 reddita
1680 1280 1760 1333 est
1797 1280 1850 1333 et
1888 1279 2071 1348 quodl

47 1400 54 1411 ι
136 1365 346 1419 difficile
394 1379 554 1432 nuper
595 1363 872 1417 incredulis
916 1379 974 1417 ac
1016 1364 1224 1431 perfidis
1267 1365 1565 1432 inpossibile
1591 1365 1890 1431 uidebatur,
1931 1381 2024 1434 ope

136 1452 299 1520 adque
340 1450 536 1504 ultione
580 1449 758 1503 diuina
801 1449 1049 1503 securitas
1087 1451 1263 1505 nostra
1287 1453 1523 1519 reparata
1549 1452 1641 1506 est.
1682 1452 1737 1505 in
1762 1452 2022 1506 laetitiam

79 1553 98 1586 5
137 1537 337 1591 mentes
380 1535 597 1589 redeunt
640 1535 691 1589 et
734 1535 1046 1603 tempestate
1083 1551 1349 1604 pressurae
1375 1553 1434 1591 ac
1458 1538 1594 1591 nube
1621 1537 1853 1592 discussa
1877 1539 2022 1591 tran-

137 1622 372 1691 quillitas
398 1636 457 1674 ac
482 1621 727 1675 serenitas
753 1621 1084 1675 refulserunt.
1126 1623 1322 1676 dandae
1359 1623 1537 1678 laudes
1563 1625 1671 1678 Deo
1699 1625 1751 1677 ct
1777 1623 2024 1677 beneficia

137 1709 247 1763 eius
273 1724 332 1762 ac
357 1723 569 1762 munera
596 1723 714 1762 cum
733 1708 1024 1778 gratiarum
1044 1708 1241 1762 actione
1263 1710 1579 1775 celebranda,
1608 1710 1846 1778 quamuis
1872 1726 2022 1779 agere

137 1795 334 1866 gratias
376 1795 551 1849 nostra
595 1809 695 1847 uox
737 1810 830 1848 nec
874 1795 930 1847 in
971 1795 1325 1863 persecutione
1351 1796 1655 1850 cessauerit:
1694 1812 1857 1865 neque
1884 1798 2022 1849 enim

134 1882 341 1934 tantum
366 1881 518 1935 licere
544 1881 753 1934 inimico
797 1882 995 1948 potest,
1036 1883 1096 1935 ut
1130 1896 1231 1934 non
1275 1882 1364 1950 qui
1407 1883 1579 1935 Deum
1623 1883 1771 1935 corde
1815 1882 1925 1936 toto
1970 1883 2023 1935 et

78 1985 120 2020 ιο
133 1968 305 2021 anima
341 1968 393 2021 et
429 1967 627 2021 uirtute
664 1967 932 2036 diligimus
970 1968 1347 2021 benedictiones
1392 1969 1501 2022 eius
1537 1970 1590 2022 et
1615 1969 1794 2022 laudes
1821 1984 2023 2036 semper

134 2056 187 2108 et
210 2054 399 2122 ubique
425 2069 544 2107 cum
568 2054 734 2123 gloria
758 2054 1129 2123 praedicemus,
1171 2055 1439 2124 exoptatus
1466 2055 1604 2108 uotis
1630 2054 1867 2108 omnibus
1913 2054 2021 2107 dies

134 2140 279 2194 uenit
305 2142 357 2194 et
380 2142 498 2208 post
521 2141 704 2209 longae
729 2140 893 2193 noctis
918 2140 1220 2194 horribilem
1256 2143 1578 2209 taetramque
1614 2141 1891 2211 caliginem
1916 2141 2021 2193 Do-

10 2248 18 2257 ·
42 2289 45 2294 .
136 2226 267 2279 mini
290 2226 404 2280 luce
429 2226 660 2279 radiatus
685 2226 908 2280 mundus
936 2227 1112 2280 eluxit.

39 2382 41 2385 y
103 2370 106 2373 ⁴
209 2311 527 2366 Confessores
552 2313 818 2380 praeconio
844 2313 965 2367 boni
1001 2313 1225 2366 nominis
1264 2314 1426 2367 claros
1464 2314 1516 2367 et
1553 2312 1766 2367 uirtutis
1805 2327 1864 2366 ac
1901 2312 2020 2365 fidei
2040 2319 2070 2369 2

78 2398 377 2452 alaudibus
421 2398 668 2467 gloriosos
711 2398 863 2451 laetis
907 2399 1260 2467 conspectibus
1286 2400 1575 2465 intuemur,
1616 2398 1807 2452 sanctis
1834 2398 2022 2451 osculis

47 2481 54 2524 ’-
137 2484 468 2538 adhaerentes
494 2484 810 2538 desideratos
837 2484 1017 2538 diuina
1044 2486 1096 2539 et
1129 2485 1429 2553 inexplebili
1466 2485 1751 2553 cupiditate
1788 2484 2022 2551 conplec-

136 2569 314 2624 timur.
373 2569 517 2622 adest
559 2570 793 2623 militum
838 2569 1031 2624 Christi
1069 2585 1178 2624 cors
1224 2572 1462 2637 candida,
1522 2571 1611 2639 qui
1653 2570 2022 2639 persecutionis

43 2660 63 2669 ”
137 2656 371 2725 urgentis
392 2655 634 2710 ferociam
657 2656 1015 2710 turbulentam
1038 2656 1217 2711 stabili
1238 2657 1594 2727 congressione
1620 2656 1903 2726 fregerunt,
1930 2671 2022 2722 pa-

42 2753 48 2801 Ῑ
138 2741 239 2796 rati
265 2742 329 2796 ad
353 2742 660 2810 patientiam
687 2743 926 2809 carceris,
966 2743 1156 2796 armati
1182 2744 1248 2796 ad
1272 2743 1606 2796 tolerantiam
1632 2742 1830 2795 mortis.
1871 2758 2024 2809 repu-

82 2827 334 2897 mgnastis
361 2827 566 2881 fortiter
590 2828 818 2893 saecule,
859 2829 1210 2897 spectaculum
1236 2829 1519 2898 gloriosum
1553 2828 1866 2896 praebuistis
1892 2829 2020 2893 Dec,

49 2903 54 2910 κ
140 2913 390 2967 secuturis
415 2913 661 2967 fratribus
687 2914 862 2968 fuistis
889 2916 1134 2983 exemplo
1174 2915 1414 2985 religiosa
1437 2931 1535 2969 uox
1562 2914 1826 2969 Christum
1851 2915 2024 2967 locuta

225 3124 406 3157 mcIPIrr
435 3125 496 3156 DE
525 3126 682 3158 LAPsrs
714 3126 960 3158 FELICITER
993 3114 1050 3167 S,
1092 3126 1272 3159 INCIPIT
1310 3128 1371 3158 nn
1401 3126 1559 3158 LABsrs
1596 3114 1705 3161 WR
1821 3113 1849 3155 3
1880 3125 1930 3155 ac
1967 3112 2030 3156 W

43 3203 46 3208 v
139 3195 194 3227 m.
217 3186 247 3230 2
259 3189 366 3240 post
385 3197 476 3230 ras.
588 3187 684 3242 ope]
706 3199 840 3244 opera
862 3187 908 3232 R
1022 3187 1051 3231 4
1080 3187 1263 3230 laetitia
1285 3187 1367 3231 SR
1473 3186 1501 3230 5
1531 3185 1694 3229 mentis
1718 3184 1775 3229 S¹
1890 3183 2021 3239 nube]

43 3253 57 3275 ’·
143 3254 260 3298 nube
281 3257 326 3298 et
347 3255 538 3313 caligine
557 3271 585 3302 v
679 3259 707 3302 8
735 3258 1080 3314 persequutione
1102 3259 1147 3304 R
1169 3259 1239 3314 (ut
1259 3259 1372 3303 solet
1393 3272 1483 3315 quu
1500 3270 1588 3313 pro
1610 3258 1679 3312 cu)
1783 3255 1811 3298 9
1840 3254 2022 3297 inimico

65 3350 68 3354 Δ
140 3323 272 3370 licere
288 3326 422 3372 WRv
507 3327 637 3372 deum
648 3328 809 3383 SWV,
833 3329 1059 3374 dominum
1075 3331 1149 3375 Rv
1235 3331 1331 3392 toto
1354 3329 1560 3374 corchv
1649 3327 1704 3371 10
1725 3328 1770 3370 et
1788 3326 1915 3382 (ante
1930 3305 2021 3367 uir-

71 3459 74 3462 ·
140 3399 256 3455 tute)
286 3398 394 3443 add.
425 3412 479 3443 m.
506 3402 536 3446 2
555 3400 609 3444 in
631 3400 697 3445 W
826 3402 881 3445 11
911 3401 1116 3446 omnibus
1139 3401 1241 3455 SR,
1273 3402 1470 3446 omnium
1491 3401 1580 3446 Wv
1715 3398 1869 3442 diebus
1890 3395 1936 3440 R

142 3468 198 3513 12
225 3471 443 3526 taetranq.
467 3469 503 3515 S
618 3471 675 3515 14
704 3472 952 3517 uirtutibus
974 3475 1037 3520 W
1152 3473 1208 3517 15
1239 3472 1423 3529 osculis]
1445 3471 1585 3516 oculis
1606 3470 1652 3515 R
1782 3469 1837 3512 16
1867 3467 2025 3523 diuina

44 3541 47 3545 ’
142 3541 200 3655 {g
209 3540 288 3610 SL
297 3541 376 3585 diu
401 3543 536 3589 WRv
624 3543 677 3587 17
700 3534 821 3588 coors
836 3545 932 3598 W¹,
954 3545 1108 3589 cohors
1124 3545 1281 3591 W2Rv
1369 3544 1424 3587 18
1444 3540 1735 3599 urguentisR
1753 3543 1806 3584 ut
1824 3539 1936 3584 solet

227 3611 312 3656 dno
338 3612 403 3657 W
