2332 3978
317 297 425 351 502
612 290 616 295 ’
989 291 1230 338 Caecilii
1261 291 1532 350 Cypriani
1577 355 1580 358 ψ

315 423 758 494 perseuerantium
807 423 995 478 fiducia
1043 423 1306 493 glorietur.
1361 423 1481 491 opto
1530 437 1638 489 1103,
1690 422 1877 478 fratres
1927 424 2203 491 carissimi,
2259 431 2275 448 ’·

317 526 518 580 semper
570 510 695 564 bene
745 509 916 563 ualere
966 511 1019 563 et
1067 509 1229 562 nostri
1280 508 1591 562 meminisse.
1651 508 2036 564 fraternitatem
2085 525 2206 565 meo
2240 583 2244 586 -
2278 571 2282 574 ,

316 599 521 652 nomine
547 597 771 651 salutate
797 598 849 650 et
873 597 933 649 ut
959 595 1123 650 nostri
1148 595 1480 649 meminerint
1505 596 1790 649 admonete.
1823 586 2010 650 ualete.

821 883 1434 976 EPISTVLA
1492 883 1698 976 XII.

409 1071 741 1117 CYPRIANVS
773 1069 1172 1114 PRESBYTERIS
1203 1070 1276 1113 ΕΤ
1308 1069 1674 1116 DIACONIBVS
1704 1054 2038 1116 FRATRIBVS
2070 1072 2111 1116 S.

270 1257 292 1307 1
387 1247 714 1314 Quamquam
742 1247 901 1300 sciam
929 1260 1035 1311 uos,
1075 1245 1262 1299 fratres
1289 1245 1560 1311 carissimi,
1587 1246 1782 1300 litteris
1808 1247 1937 1299 meis
1963 1247 2201 1315 frequen-

314 1336 393 1388 ter
438 1333 725 1386 admonitos
772 1348 879 1385 esse
922 1333 982 1384 ut
1026 1332 1248 1401 gloriosa
1291 1347 1413 1385 uoce
1452 1332 1733 1385 Dominum
1779 1332 2021 1386 confessis
2058 1334 2110 1386 et
2146 1335 2202 1387 in

313 1435 511 1473 carcere
538 1419 834 1471 constitutis
861 1418 1027 1471 omnis
1055 1418 1333 1487 diligentia
1358 1418 1682 1485 praebeatur,
1716 1418 1890 1471 tamen
1914 1418 2199 1472 identidem

312 1506 458 1558 uobis
502 1505 758 1567 incumbo,
803 1522 867 1557 ne
908 1505 1034 1572 quid
1068 1504 1133 1557 ad
1168 1521 1343 1557 curam
1383 1505 1517 1557 desit
1553 1505 1636 1558 his
1677 1505 1863 1572 quibus
1889 1505 1952 1558 ad
1979 1505 2200 1574 gloriam

310 1592 444 1645 nihil
465 1593 622 1644 deest.
652 1592 816 1658 adque
842 1590 1044 1643 utinam
1070 1590 1170 1644 loci
1198 1592 1249 1643 et
1273 1591 1462 1659 gradus
1487 1592 1591 1644 mei
1618 1592 1845 1645 condicio
1871 1591 2198 1660 permitteret
2216 1607 2262 1639 10
2316 1584 2332 1646 ’ἒ

311 1682 370 1733 ut
404 1680 514 1748 ipse
548 1695 681 1731 nunc
717 1693 954 1746 praesens
990 1693 1097 1731 esse
1132 1693 1359 1746 possem:
1399 1678 1666 1745 promptus
1693 1679 1744 1730 et
1769 1679 1934 1731 libens
1962 1678 2198 1732 sollemni
2322 1671 2327 1692 ²

310 1766 598 1818 ministerio
633 1766 817 1817 cuncta
854 1764 988 1817 circa
1012 1763 1320 1818 fortissimos
1347 1764 1532 1817 fratres
1558 1765 1757 1817 nostros
1786 1764 2077 1817 dilectionis
2104 1765 2197 1818 ob-

310 1852 487 1919 sequia
521 1852 846 1919 complerem.
889 1850 976 1902 sed
1012 1849 1240 1903 officium
1275 1867 1451 1903 meum
1486 1852 1661 1904 uestra
1699 1851 1974 1920 diligentia
2000 1867 2197 1918 reprae-

312 1938 481 1990 sentet
508 1939 560 1990 et
585 1936 746 1989 faciat
781 1936 952 1988 omnia
978 1952 1107 2003 quae
1132 1936 1242 1988 fieri
1269 1937 1468 2003 oportet
1498 1936 1631 1990 circa
1658 1952 1741 1989 eos
1768 1952 1892 2004 quos
1919 1938 1973 1989 in
1998 1937 2196 1990 talibus
2326 1995 2328 1998 ,

309 2024 510 2076 meritis
548 2023 666 2075 fidei
694 2039 751 2075 ac
777 2022 989 2076 uirtutis
1027 2039 1148 2076 suae
1185 2023 1490 2076 inlustrauit
1518 2023 1695 2077 diuina
1722 2024 1969 2093 dignatio.
2018 2038 2194 2090 corpo-
2214 2036 2258 2067 1⁵

308 2109 452 2163 ribus
499 2110 659 2163 etiam
704 2109 953 2174 omnium,
996 2110 1083 2177 qui
1112 2110 1210 2162 etsi
1235 2110 1361 2162 torti
1395 2125 1494 2163 non
1520 2112 1667 2175 sunt,r
1703 2110 1757 2162 in
1784 2126 1984 2163 carcere
2021 2111 2197 2163 tamen
2323 2094 2332 2124 ³

307 2197 530 2267 glorioso
568 2196 708 2249 exitu
746 2196 930 2249 mortis
969 2197 1233 2261 excedunt,
1273 2197 1581 2263 inpertiatur
1607 2198 1659 2249 et
1685 2197 1966 2266 uigilantia
1993 2198 2044 2250 et
2071 2213 2193 2250 cura

307 2283 619 2350 propensior.
666 2299 830 2350 neque
874 2283 1012 2335 enim
1056 2283 1224 2335 uirtus
1264 2298 1440 2335 eorum
1479 2284 1568 2336 aut
1602 2282 1763 2337 honor
1798 2284 1965 2336 minor
1991 2284 2069 2336 est
2095 2299 2193 2351 quo

306 2370 477 2422 minus
526 2370 625 2436 ipsi
666 2385 862 2436 quoque
899 2369 1034 2422 inter
1070 2370 1245 2422 beatos
1281 2371 1537 2438 martyras
1573 2370 1932 2439 adgregentur.
1978 2371 2113 2437 quod
2139 2371 2194 2423 in

2303 1904 2332 1965 ns}

393 2570 415 2610 1
438 2570 541 2624 opto
565 2595 618 2600 —
641 2570 668 2613 l.
692 2572 721 2612 3
742 2569 888 2613 ualete
911 2582 990 2614 om.
1024 2570 1148 2627 CPQ
1263 2570 1291 2613 2
1312 2571 1357 2613 et
1378 2571 1520 2613 nostri
1546 2603 1555 2613 .
1575 2603 1583 2612 .
1604 2605 1612 2613 .
1638 2571 1786 2614 ualete
1808 2583 1889 2615 om.
1914 2570 2020 2616 LN.
2045 2596 2098 2603 —
2121 2571 2193 2614 Ad
2324 2600 2332 2639 ·.³

305 2640 472 2683 clerum
504 2641 556 2684 de
586 2641 854 2697 deprecando
899 2641 978 2685 deo
1023 2642 1116 2698 (pro
1151 2642 1355 2704 peccatis
1401 2642 1566 2686 nostris
1608 2642 1714 2686 add.
1761 2630 1964 2699 LN'PQ)
2010 2642 2194 2698 explicit
2324 2641 2332 2706 ζ

315 2712 590 2768 CLNPQR,
625 2714 718 2756 nisi
748 2713 867 2769 quod
891 2713 1080 2769 ‘explicit
1111 2719 1220 2757 ante
1251 2714 1307 2757 ad
1337 2714 1501 2757 clerum
1528 2715 1663 2770 ponit
1691 2714 1783 2759 GP.
1817 2739 1870 2745 —
2325 2713 2332 2734 ³

390 2783 532 2838 Epist.
568 2784 675 2830 XII.
707 2811 760 2815 -—
792 2785 960 2841 Incipit
1006 2785 1205 2828 eiusdem
1255 2785 1441 2842 (Incipit
1487 2785 1542 2829 ad
1583 2785 1862 2843 presbyteros
1903 2787 1948 2829 et
1986 2785 2191 2829 diaconos

306 2854 580 2910 [diaconibus
608 2856 665 2912 T]
698 2856 794 2899 LN
795 2858 844 2908 T,
877 2856 1044 2913 Incipit
1065 2857 1258 2901 eiusdem
1279 2858 1416 2901 tertia
1435 2858 1499 2913 E)
1532 2859 1583 2901 ut
1603 2857 1675 2900 his
1697 2857 2023 2901 confessoribus
2046 2858 2122 2914 qui
2144 2859 2191 2901 in

304 2939 475 2970 carcere
493 2929 598 2970 sunt
613 2929 849 2971 constituti
866 2928 1123 2973 humanitas
1140 2932 1282 2973 omnis
1301 2929 1517 2987 (omnium
1536 2931 1592 2987 T)
1607 2930 1877 2986 praebeatur
1891 2928 2189 2988 ELMNQT,

302 2997 472 3054 Incipit
503 2998 558 3042 ad
589 3000 756 3043 clerum
787 3014 835 3043 eo
867 3000 982 3056 quod
1022 3014 1110 3044 non
1150 3003 1299 3057 posset
1339 3003 1503 3045 temere
1545 3001 1808 3058 carthagine
1848 2990 2100 3058 (cartagine
2131 3001 2188 3052 6²,

303 3060 540 3127 carthagin
570 3073 631 3128 m)
662 3071 814 3115 uenire
845 3073 1026 3128 propter
1056 3072 1353 3116 confessorum
1385 3086 1565 3129 corpora
1597 3073 1674 3129 qui
1704 3073 1752 3116 in
1783 3086 1955 3121 carcere
1985 3071 2186 3116 reddide-

300 3143 408 3185 runt
439 3156 545 3199 emq.
571 3169 624 3175 —
648 3143 675 3187 6
707 3144 843 3187 sciam
864 3144 957 3200 uos]
991 3143 1182 3187 sciamus
1210 3146 1252 3189 T
1325 3145 1350 3188 7
1383 3144 1631 3189 admonitos
1661 3158 1740 3188 uos
1768 3146 1810 3189 T
1834 3145 1913 3189 sed
1945 3157 2023 3188 uos
2043 3158 2076 3188 3.
2101 3144 2130 3188 Z.

301 3201 413 3261 (11Ῐῖ
409 3216 545 3272 ETQ
661 3216 691 3262 8
724 3229 942 3260 carcerem
963 3215 1172 3272 E¹LQT
1282 3217 1309 3261 9
1339 3231 1393 3261 110
1424 3218 1501 3274 qui
1522 3217 1584 3261 M
1609 3217 1682 3274 (ne
1714 3216 1822 3273 quid
1850 3217 1904 3275 Q)
2015 3216 2072 3260 iis
2103 3229 2131 3260 υ

303 3289 359 3333 10
381 3293 487 3345 post
517 3288 605 3331 mei
637 3301 727 3332 ras.
760 3291 788 3333 6
818 3288 907 3332 litt.
938 3288 992 3332 in
1018 3289 1060 3332 T
1198 3289 1251 3332 11
1283 3289 1450 3346 possim
1480 3304 1507 3346 q
1631 3290 1878 3346 promptus]
1916 3288 2060 3332 fateor
2088 3301 2122 3331 3.
2156 3287 2184 3331 Ζ.

301 3361 408 3406 add.
438 3362 479 3403 T
590 3361 644 3405 12
676 3361 810 3404 cunta
831 3361 887 3405 N
995 3360 1051 3403 13
1083 3361 1250 3417 uestra]
1284 3374 1446 3417 quaeso
1477 3361 1585 3406 add.
1617 3376 1645 3407 υ
1675 3366 1715 3406 et
1744 3375 1778 3405 3.
1804 3361 1830 3405 l.
1861 3361 1904 3405 Τ
2013 3372 2188 3416 reprae-

300 3434 480 3476 sentent
500 3433 545 3476 L
680 3432 735 3476 14
767 3433 812 3476 et
842 3445 925 3476 om.
949 3432 1003 3476 N
1004 3432 1070 3488 Tq
1203 3431 1338 3476 faciet
1359 3433 1466 3486 E’e,
1495 3432 1719 3489 faciatque
1746 3433 1788 3477 Τ
1812 3431 1892 3485 sed
1923 3444 2007 3488 que
2036 3444 2070 3475 3.
2095 3431 2126 3477 l.

298 3504 347 3547 in
379 3518 495 3549 ems·
528 3505 582 3549 in
608 3504 650 3548 T
772 3505 827 3548 15
857 3504 1062 3560 uirtutis]
1095 3504 1303 3548 ueritatis
1330 3505 1373 3548 T
1484 3504 1539 3548 16
1568 3517 1657 3547 non
1688 3517 1771 3548 om.
1804 3516 1855 3560 eq
1971 3515 2187 3547 carcerem

298 3576 438 3632 LQT
522 3576 576 3619 18
607 3589 748 3633 neque
773 3610 780 3619 .
801 3609 838 3620 ..
865 3574 1167 3633 adgregentur
1189 3588 1270 3620 om.
1295 3588 1346 3632 eq
1435 3576 1489 3620 19
1509 3575 1666 3621 beatas
1689 3575 1733 3620 L
1808 3575 2038 3632 ,martyres
2059 3586 2139 3630 eqo
2200 3586 2207 3593 “
