2332 3978
688 277 993 334 Epistulae·
1018 279 1218 323 LXXV.
1250 294 1285 324 c.
1315 281 1470 326 9-10.
1659 286 1662 290 ’
1907 286 2008 339 817

147 406 244 459 bus
284 406 438 472 atque
475 405 530 457 in
568 405 696 458 alias
740 407 1008 476 regionum
1051 410 1221 476 partes
1265 410 1673 465 transeuntibus·
1698 412 1830 482 (erat
1874 414 2010 467 enim

142 491 443 545 transeundi
478 491 699 545 facultas
726 507 782 545 6ο
810 494 944 560 quod
978 494 1264 559 persecutio
1299 495 1394 547 illa
1417 510 1518 548 non
1543 512 1633 563 per
1657 498 1831 552 totum
1858 515 2010 552 mun-

138 577 263 629 dum
302 577 391 629 sed
428 577 610 629 localis
649 576 873 647 fuisset),
920 578 1129 631 emersit
1166 578 1288 631 istic
1329 580 1499 634 subito
1539 583 1786 649 quaedam
1824 583 2012 637 mulier

7 719 23 734 ἶ
135 677 264 730 quae
284 661 338 714 in
364 662 560 714 extasin
599 662 880 715 constituta
903 663 1183 730 propheten
1207 679 1260 717 se
1285 665 1564 732 praeferret
1590 667 1642 719 et
1667 668 1812 734 quasi
1838 670 2010 721 sancto

3 735 24 790 Ϊ
103 748 331 816 sspiritu
369 747 521 815 plena
557 747 630 799 sic
664 749 852 815 ageret.
899 748 974 801 ita
1012 749 1185 801 autem
1225 749 1589 816 principalium
1627 751 2010 805 daemoniorum

23 831 25 835 ’
136 834 335 901 impetu
373 833 633 886 ferebatur
658 835 718 886 ut
742 849 831 900 per
867 835 1080 903 longum
1114 835 1319 902 tempus
1346 836 1652 889 sollicitaret
1680 838 1731 890 et
1756 837 2011 904 deciperet

139 919 536 983 fraternitatem,
582 919 911 972 admirabilia
954 920 1204 987 quaedam
1241 921 1292 973 et
1327 922 1621 988 portentosa
1658 922 1920 988 perficiens
1959 924 2012 975 et

140 1005 307 1059 facere
333 1020 386 1058 se
411 1005 605 1058 terram
645 1005 842 1057 moueri
879 1006 1230 1072 polliceretur:
1276 1021 1376 1059 non
1418 1008 1552 1075 quod
1592 1009 1826 1061 daemoni
1864 1009 2012 1061 tanta

15 1163 17 1167 ,
143 1092 276 1144 esset
299 1092 527 1158 potestas
553 1091 612 1143 ut
636 1092 827 1144 terram
853 1107 1060 1144 mouere
1086 1092 1178 1144 aut
1204 1092 1517 1146 elementum
1543 1094 1811 1147 concutere
1838 1095 1893 1147 ui
1919 1111 2012 1147 sua

11 1202 18 1222 ι
78 1198 120 1231 10
146 1177 358 1242 ualeret,
406 1176 495 1230 sed
534 1177 668 1244 quod
707 1191 1093 1244 nonnumquam
1129 1193 1350 1244 nequam
1387 1178 1600 1246 spiritus
1638 1180 1923 1246 praesciens
1963 1181 2014 1232 et

145 1263 449 1331 intellegens
484 1251 650 1315 terrae
673 1263 875 1315 motum
901 1262 1139 1315 futurum
1164 1263 1218 1316 id
1244 1278 1296 1316 se
1322 1263 1582 1317 facturum
1610 1281 1717 1318 esse
1744 1265 2013 1318 simularet

137 1350 272 1418 quod
316 1348 552 1401 futurum
590 1348 805 1401 uideret.
851 1348 1039 1415 quibus
1077 1349 1357 1402 mendaciis
1395 1352 1447 1402 et
1481 1350 1848 1404 iactationibus
1888 1347 2010 1403 sub-

143 1436 317 1505 egerat
343 1436 544 1488 mentes
570 1435 892 1503 singulorum
919 1435 978 1486 ut
1004 1434 1104 1486 sibi
1131 1434 1427 1488 oboedirent
1450 1438 1501 1489 et
1522 1452 1840 1503 quocumque
1865 1452 2012 1504 prae-

0 1519 21 1644 Ῑ
138 1521 332 1590 ciperet
369 1522 420 1573 et
457 1521 665 1574 duceret
710 1520 1056 1588 sequerentur,
1097 1520 1287 1573 faceret
1326 1535 1524 1588 quoque
1558 1522 1829 1574 mulierem
1865 1522 2014 1574 illam

0 1595 15 1684 θ’
95 1626 135 1659 15
153 1607 310 1660 cruda
345 1607 515 1659 hieme
550 1607 702 1660 nudis
740 1607 957 1675 pedibus
996 1623 1087 1675 per
1123 1622 1327 1674 asperas
1360 1607 1505 1659 niues
1543 1607 1617 1660 ire
1642 1624 1734 1660 nec
1760 1608 1932 1660 uexari
1958 1608 2013 1660 in

141 1694 314 1761 aliquo
352 1695 443 1746 aut
477 1694 612 1746 laedi
639 1694 733 1746 illa
760 1694 1090 1758 discursione,
1128 1694 1318 1746 diceret
1345 1695 1504 1747 etiam
1531 1710 1584 1747 se
1608 1695 1663 1746 in
1689 1695 1935 1747 Iudaeam
1962 1698 2013 1746 et

142 1780 560 1848 Hierosolymam
596 1780 836 1832 festinare
872 1780 1070 1849 fingens
1105 1782 1375 1847 tamquam
1410 1780 1529 1832 inde
1565 1781 1803 1832 uenisset.
1850 1780 1934 1832 hic
1961 1781 2013 1832 et

135 1883 299 1918 unum
326 1866 386 1918 de
412 1866 726 1934 presbyteris
752 1866 1041 1928 Rusticum,
1079 1866 1206 1919 item
1234 1867 1284 1918 et
1311 1866 1474 1918 alium
1511 1865 1781 1918 diaconum
1807 1864 2011 1929 fefellit,

0 2010 2 2013 ,
138 1953 199 2005 ut
219 1951 385 2006 eidem
410 1952 617 2004 mulieri
645 1952 1124 2005 commiscerentur:
1153 1953 1287 2020 quod
1312 1953 1464 2020 paulo
1491 1953 1606 2019 post
1634 1952 1896 2004 detectum
1918 1953 2007 2005 est.

0 2035 8 2100 Ξ
83 2059 126 2092 20
142 2054 263 2091 nam
300 2039 470 2091 subito
506 2039 744 2108 apparuit
782 2039 866 2091 1111
891 2055 1022 2092 unus
1051 2038 1112 2091 de
1138 2039 1400 2092 exorcistis
1426 2039 1508 2091 uir
1532 2038 1775 2105 probatus
1803 2039 1854 2090 et
1879 2038 2014 2091 circa

136 2124 434 2192 religiosam
456 2126 783 2192 disciplinam
802 2126 928 2178 bene
950 2141 1148 2193 semper
1174 2127 1520 2190 conuersatus,
1550 2126 1636 2192 qui
1665 2125 2013 2178 exhortatione

139 2225 338 2278 quoque
375 2210 596 2263 fratrum
637 2211 982 2278 plurimorum
1020 2212 1109 2278 qui
1136 2213 1186 2263 et
1212 2212 1313 2278 ipsi
1354 2211 1514 2265 fortes
1555 2227 1612 2263 ac
1647 2211 1934 2264 laudabiles
1960 2212 2015 2263 in

137 2297 236 2350 fide
276 2296 489 2350 aderant
529 2295 795 2350 excitatus·
824 2296 986 2349 erexit
1024 2312 1076 2349 se
1104 2297 1279 2349 contra
1317 2297 1469 2349 illum
1511 2297 1756 2365 spiritum
1795 2312 2014 2363 nequam

138 2383 537 2436 reuincendum:
584 2383 673 2450 qui
718 2382 899 2434 subtili
944 2382 1152 2435 fallacia
1192 2382 1349 2434 etiam
1387 2383 1482 2434 hoc
1519 2383 1672 2449 paulo
1711 2384 1829 2435 ante
1867 2398 2013 2449 prae-

88 2486 128 2519 25
147 2469 346 2521 dixerat
384 2470 663 2522 uenturum
701 2469 953 2535 quendam
991 2484 1228 2521 auersum
1256 2469 1306 2520 et
1330 2468 1696 2536 temptatorem
1735 2466 2011 2519 infidelem.

139 2556 318 2607 tamen
351 2554 442 2607 ille
478 2554 727 2607 exorcista
753 2554 1035 2621 inspiratus
1063 2554 1159 2606 Dei
1186 2554 1354 2623 gratia
1380 2553 1584 2606 fortiter
1607 2553 1803 2606 restitit
1829 2554 1879 2606 et
1907 2569 2015 2606 esse

140 2640 294 2692 illum
331 2639 703 2707 nequissimum
741 2640 982 2708 spiritum
1018 2640 1105 2707 qui
1137 2640 1279 2706 prius
1307 2641 1513 2692 sanctus
1539 2639 1819 2705 putabatur
1845 2640 2015 2692 osten-

144 2726 238 2779 dit.
293 2727 438 2793 atqui
481 2726 575 2778 illa
618 2726 807 2778 mulier
851 2741 978 2792 quae
1023 2726 1165 2794 prius
1208 2742 1298 2793 per
1340 2725 1645 2792 praestigias
1691 2726 1741 2777 et
1784 2724 2015 2778 fallacias

228 2897 255 2939 1
275 2897 426 2953 partes
447 2895 677 2953 regionum
699 2896 753 2940 Iv
983 2895 1011 2939 3
1032 2897 1078 2938 et
1097 2896 1255 2939 mersit
1281 2894 1397 2951 QM¹
1626 2894 1654 2938 4
1675 2894 1826 2937 exasin
1848 2894 1909 2937 M
1926 2896 2014 2948 (ex-

139 2967 285 3016 stasin
310 2966 364 3024 Q)
552 2963 753 3022 profetin'
774 2966 811 3023 Q
1005 2968 1031 3010 6
1052 2967 1307 3010 ferebantur
1328 2967 1379 3009 Ε
1566 2966 1590 3009 7
1613 2979 1662 3009 ac
1684 2965 1911 3008 mirabilia
1932 2966 1967 3008 I

144 3041 435 3096 portentuosa
456 3039 492 3083 I
635 3039 663 3083 8
683 3041 848 3081 terram
873 3071 881 3081 .
902 3073 910 3081 .
932 3074 938 3080 .
964 3039 993 3081 Z.
1019 3042 1047 3082 9
1069 3040 1121 3081 ut
1141 3038 1247 3082 add.
1271 3038 1333 3082 M
1349 3052 1404 3081 m.
1428 3041 1458 3082 2
1476 3038 1530 3081 in
1549 3051 1691 3094 mary.
1847 3036 2014 3079 moueri

145 3124 228 3155 om.
250 3110 342 3167 EQ
522 3110 679 3154 demon
699 3110 848 3153 itanta
872 3109 922 3167 Q,
946 3110 1101 3153 demon
1121 3109 1169 3152 in
1188 3111 1317 3152 tanta
1338 3110 1388 3153 E
1565 3109 1592 3152 9
1613 3109 1661 3151 ui
1683 3109 1777 3165 sua]
1800 3109 1902 3151 uisu
1921 3108 2012 3161 ΕΙ,

136 3182 215 3227 sed
238 3181 273 3225 I
287 3195 320 3225 s.
343 3182 371 3225 l.
392 3181 465 3225 1161
483 3181 532 3224 111
718 3181 774 3225 10
793 3195 1092 3237 nonumquam
1115 3181 1158 3234 Ι,
1178 3195 1265 3225 11011
1286 3181 1376 3237 EQ
1557 3180 1743 3236 spiritus
1764 3192 1953 3234 nequam
1972 3193 2010 3230 v,

137 3252 324 3309 spiritus
347 3252 382 3296 I
541 3252 597 3297 14
616 3265 701 3308 quo
720 3273 764 3297 *ab
784 3265 866 3309 que
887 3254 944 3305 Ε,
969 3242 1154 3308 quocflq.
1184 3252 1221 3309 Q
1377 3251 1460 3295 illa
1480 3252 1543 3296 M
1543 3251 1601 3308 Q¹
1759 3250 1813 3293 15
1833 3250 2013 3293 crudam

136 3324 330 3368 hiemem
349 3323 410 3368 M
411 3323 470 3381 Q¹
627 3324 681 3367 17
701 3324 1036 3368 hierusolimam
1057 3324 1146 3381 EQ
1304 3323 1359 3367 18
1378 3323 1594 3366 rusticum
1614 3326 1667 3365 ut
1685 3322 1745 3365 sit
1767 3317 2015 3379 ἐπιχώριον

137 3396 295 3442 Routh
446 3397 491 3439 et
511 3409 594 3440 om.
620 3395 657 3452 Q
819 3396 876 3439 20
895 3396 974 3439 illo
997 3396 1056 3439 Μ
1058 3395 1115 3452 Q²
1273 3395 1328 3438 21
1350 3394 1669 3437 exortationem
1693 3392 1730 3449 Q
1881 3391 1938 3435 24
1958 3391 2014 3435 ad

58 3496 61 3499 -
136 3466 451 3511 reuincendum
472 3467 585 3511 coni.
609 3467 766 3511 Routh
964 3467 1018 3510 27
1049 3466 1273 3522 spiritum]
1296 3479 1385 3508 non
1406 3466 1474 3508 est
1495 3450 1591 3520 spffi
1618 3464 1679 3507 M
1682 3463 1740 3519 Q¹
1748 3480 1764 3518 ;
1784 3463 1890 3516 fort.
1913 3462 2013 3506 dae-

137 3539 282 3583 monis
304 3538 515 3595 spiritum
644 3538 723 3594 qui
751 3538 994 3595 putabatur
1014 3539 1075 3583 M
1099 3538 1194 3594 (qui
1215 3551 1296 3582 om.
1322 3536 1377 3594 Q)
1505 3535 1562 3579 28
1583 3535 1724 3592 atqui]
1748 3536 1881 3591 atque
1900 3535 1977 3577 EI
1976 3533 2015 3590 Q

309 3627 394 3665 111.
1604 3608 1673 3660 52
