2326 3900
595 1016 868 1087 THASOI
913 1016 1210 1085 CAECILI
1255 1017 1620 1088 CYPRIANI

729 1216 794 1295 A
809 1215 866 1295 D
938 1215 996 1295 D
1017 1215 1067 1296 Ο
1087 1216 1153 1297 N
1168 1217 1233 1295 A
1249 1216 1302 1296 T
1317 1216 1383 1296 U
1399 1216 1491 1297 M.

218 1406 377 1499 Bene
402 1439 667 1504 admoneS‚
706 1439 907 1492 Donate
934 1439 1221 1493 carissime:
1260 1456 1383 1493 nam
1409 1440 1460 1492 et
1482 1439 1780 1507 promisisse
1805 1454 1888 1492 me
1912 1454 2024 1492 me·
2050 1438 2072 1486 l
2117 1438 2121 1498 ξ

147 1530 302 1590 1111111,
352 1526 404 1578 et
446 1526 690 1580 reddendi
733 1526 1102 1593 tempestiuum
1145 1541 1349 1594 prorsus
1393 1526 1487 1579 hoc
1529 1526 1734 1593 tempus
1777 1527 1878 1591 est,
1928 1541 2026 1593 quo

112 1614 448 1683 sindulgente
486 1612 747 1666 uindemia
804 1612 1002 1664 solutus
1054 1612 1255 1665 animus
1302 1612 1357 1665 in
1394 1612 1622 1679 quietem
1661 1612 1933 1665 sollemnes
1970 1627 2028 1664 ac

148 1701 311 1754 statas
349 1699 468 1752 anni
505 1697 775 1767 fatigantis
821 1697 1050 1751 indutias
1098 1698 1355 1751 sortiatur.
1413 1698 1555 1751 locus
1593 1698 1752 1751 etiam
1790 1714 1908 1751 cum
1945 1697 2028 1750 die

147 1785 408 1850 conuenit,
449 1787 501 1838 et
538 1784 825 1837 mulcendis
851 1783 1084 1837 sensibus
1110 1799 1168 1836 ac
1193 1783 1426 1837 fouendis
1453 1784 1518 1837 ad
1543 1783 1680 1837 lenes
1706 1800 1853 1837 auras
1879 1784 2027 1836 blan-

146 1872 334 1925 dientis
360 1871 597 1924 autumni
621 1871 889 1923 hortorum
915 1869 1068 1922 facies
1094 1884 1307 1922 amoena
1337 1870 1612 1923 consentit:
1639 1869 1724 1922 hic
1752 1870 2028 1922 iocundum

146 1957 466 2011 sermonibus
508 1956 645 2010 diem
684 1956 866 2009 ducere
903 1956 953 2008 et
991 1955 1315 2009 studentibus
1351 1955 1541 2009 fabulis
1580 1956 1636 2008 in
1670 1956 1846 2008 diuina
1880 1971 2027 2024 prae-

90 2063 131 2094 10
146 2042 292 2111 cepta
318 2042 682 2096 conscientiam
719 2041 938 2109 pectoris
975 2041 1189 2095 erudire.
1232 2056 1291 2094 ac
1315 2057 1378 2094 ne
1403 2041 1545 2109 loqui
1570 2043 1806 2094 nostrum
1832 2042 2026 2095 arbiter

145 2128 386 2198 profanus
429 2127 680 2195 impediat
716 2128 808 2180 aut
854 2127 1045 2180 clamor
1090 2127 1437 2194 intemperans
1479 2127 1708 2180 familiae
1752 2128 2024 2195 strepentis

145 2215 419 2280 obtundat,
458 2216 694 2282 petamus
728 2214 860 2267 hanc
904 2214 1100 2267 sedem:
1142 2212 1266 2267 dant
1301 2230 1555 2267 secessum
1600 2213 1771 2267 uicina
1815 2214 2022 2279 secreta,

145 2301 237 2354 ubi
272 2301 397 2353 dum
432 2300 636 2354 erratici
669 2300 947 2367 palmitum
983 2300 1158 2367 lapsus
1191 2301 1405 2353 nexibus
1440 2300 1675 2368 pendulis
1709 2316 1800 2368 per
1834 2300 2024 2353 harun-

146 2386 287 2439 dines
325 2386 526 2438 baiulas
559 2386 771 2452 repunt,
810 2386 1007 2438 uiteam
1050 2386 1306 2453 porticum
1349 2385 1557 2439 frondea
1600 2386 1737 2439 tecta
1779 2385 2022 2439 fecerunt.

87 2495 127 2526 15
144 2472 271 2525 bene
302 2471 388 2525 hic
414 2472 589 2525 studia
613 2471 665 2524 in
705 2487 850 2525 aures
878 2473 1084 2538 (1611163,
1126 2474 1176 2526 et
1206 2470 1336 2526 'dum
1376 2473 1432 2526 in
1465 2473 1666 2527 arbores
1707 2474 1757 2526 et
1791 2473 1847 2527 in
1888 2474 2022 2528 uites

230 2655 416 2701 Caecilii
446 2655 660 2713 Cypriani
690 2656 881 2713 epistola
916 2657 971 2700 ad
1005 2657 1229 2701 Donatum
1265 2657 1426 2714 incipit
1454 2658 1519 2711 B,
1565 2658 1911 2715 inscriptionem
1940 2673 2021 2704 om.

150 2726 321 2772 WPM.
354 2727 410 2771 ad
430 2728 655 2771 Donatum
675 2727 728 2771 (16
744 2729 894 2785 gratia
914 2724 986 2773 dei
1005 2730 1244 2785 inscripsit
1271 2729 1414 2774 Ooeon.
1524 2731 1554 2777 3
1586 2743 1809 2776 ammones
1837 2733 1939 2777 WB

142 2799 397 2842 mememini
432 2812 487 2843 ex
521 2800 711 2843 memeni
745 2800 782 2843 P
817 2815 871 2844 m.
898 2801 927 2846 2
1015 2800 1048 2846 4
1078 2801 1182 2858 quo]
1219 2815 1350 2857 quom
1385 2803 1576 2847 coniecit
1609 2804 1853 2857 Latinius,
1889 2818 2025 2861 quum

143 2869 392 2926 Riqaltiu&
427 2870 477 2914 in
512 2884 597 2927 quo
633 2872 867 2916 Pamelius
973 2872 1003 2920 5
1040 2872 1266 2917 sollemnis
1301 2874 1359 2918 M
1363 2890 1380 2930 ,·
1415 2875 1671 2930 saepissime
1692 2876 1873 2919 litterae
1902 2890 1924 2920 6
1947 2876 2024 2920 eti

143 2941 498 2996 confunduntur
543 2943 596 2986 in
641 2944 703 2987 M
825 2944 853 2990 6
885 2946 1028 2988 statas
1076 2946 1194 3002 WP,
1231 2948 1351 2990 satas
1396 2948 1460 3001 B,
1499 2949 1697 2992 statutas
1732 2950 1795 2993 M
1848 2974 1851 2978 ·
1914 2950 2024 2994 fati-

142 3012 311 3074 gantis]
363 3013 617 3058 fatiscentis
656 3017 837 3071 'recepit
886 3030 942 3060 ex
991 3031 1086 3061 uno
1137 3018 1251 3062 libro
1300 3020 1527 3064 Baluzius
1659 3020 1860 3065 inducias
1895 3022 1942 3066 B

143 3083 375 3141 sortiatur]
412 3086 601 3130 sortitur
637 3101 684 3139 υ,
727 3089 930 3131 seruatur
965 3089 1031 3144 P,
1061 3090 1140 3133 sed
1175 3103 1210 3135 s,
1233 3090 1260 3134 Z.
1283 3105 1337 3134 m.
1361 3093 1393 3134 2
1422 3091 1611 3135 feriatur
1700 3093 1728 3138 7
1749 3093 1862 3137 lenis
1882 3094 1946 3137 M

143 3153 174 3200 8
206 3157 404 3200 ortorum
430 3157 492 3202 W
595 3157 835 3202 iucundum
870 3160 942 3204 Βυ
1049 3160 1077 3206 9
1110 3160 1407 3218 studentibus]
1445 3162 1736 3207 st*identibus
1765 3165 1811 3208 P
1818 3182 1836 3220 ,·
1867 3164 2024 3209 luden-

142 3225 266 3269 tibus
304 3228 492 3272 conieeit
540 3228 765 3274 Baliizius
799 3231 978 3275 conlato
1020 3231 1225 3276 Minucii
1267 3233 1440 3278 Felicis
1483 3226 1634 3279 Octav.
1681 3250 1715 3279 c.
1753 3238 1797 3291 3,
1834 3240 1889 3280 4.-
1936 3237 2026 3281 iter

142 3296 308 3340 fabulis
342 3298 606 3343 fallentibus
741 3304 949 3359 precepta
976 3304 1061 3359 W,·
1093 3317 1115 3347 6
1151 3308 1195 3347 et
1229 3318 1279 3348 ac
1320 3305 1404 3349 litt.
1441 3307 1626 3362 saepius
1666 3308 2026 3361 confunduntur

141 3368 196 3412 in
224 3368 289 3412 W
370 3370 432 3416 10
460 3371 732 3416 conscientia
751 3374 814 3417 M
892 3374 1128 3430 pecatoris
1158 3375 1213 3419 W
1301 3376 1425 3432 loqui
1453 3377 1569 3430 WV,
1602 3378 1825 3434 eloquium
1836 3379 2023 3437 PBMr,

142 3439 412 3496 colloquium
431 3455 458 3486 v
554 3443 610 3489 11
642 3443 894 3500 prophanus
922 3446 983 3490 W
1093 3445 1391 3504 obstrepentis
1412 3449 1491 3505 M,
1522 3449 1600 3493 sed
1621 3449 1675 3493 ob
1697 3450 1804 3494 add.
1826 3465 1882 3495 m.
1905 3453 1939 3496 2

147 3510 207 3556 12
229 3511 457 3567 optundat
478 3513 523 3557 B
608 3514 718 3558 dant
739 3516 785 3559 P
801 3515 881 3559 sed
899 3516 921 3556 t
942 3529 998 3559 ex
1018 3530 1132 3561 corr.
1146 3552 1160 3574 ‚
1192 3517 1300 3562 dent
1319 3523 1375 3562 M
1386 3522 1393 3543 ¹
1502 3520 1560 3566 13
1589 3522 1636 3564 et
1655 3521 1734 3565 ubi
1755 3522 1827 3580 M,
1918 3536 2024 3579 pen-

146 3580 261 3625 dolis
281 3582 343 3626 M
353 3583 361 3606 ¹
449 3584 685 3630 arundines
713 3586 778 3631 W
863 3587 925 3635 15
957 3586 1163 3634 arborum
1183 3589 1230 3634 P
1313 3591 1361 3635 in
1381 3604 1464 3636 om·
1484 3591 1547 3636 M

1610 3663 1680 3717 1*
