2332 3978
736 260 1032 350 Epistulae
1071 292 1172 337 XV.
1205 307 1240 338 ο.
1257 256 1395 339 ”1-3.
1890 297 1998 352 515

115 426 420 480 debuerant.
471 423 746 492 petitiones
785 423 836 475 et
874 421 1126 475 desideria
1171 423 1343 476 uestra
1390 424 1619 494 episcopo
1664 427 1883 491 seruent,
1932 425 1999 480 ad

123 527 306 582 pacem
351 510 497 563 uobis
534 508 830 577 petentibus
868 508 1091 561 dandam
1126 509 1391 584 maturum
1428 511 1479 563 et
1516 512 1757 578 pacatum
1793 513 1998 579 tempus

122 597 406 665 expectent.
457 596 575 648 ante
623 596 701 648 est
748 595 808 647 ut
856 609 885 646 a
921 594 1142 647 Domino
1189 609 1367 662 pacem
1413 596 1580 649 mater
1624 595 1762 663 prior
1809 598 1997 660 sumat,

0 750 3 755 ‚
38 686 48 694 “
123 684 248 737 tunc
286 681 564 735 secundum
601 681 775 734 uestra
812 679 1065 732 desideria
1103 680 1165 732 de
1201 679 1427 733 filiorum
1462 672 1586 747 pace
1622 682 1888 735 tractetur.

26 755 31 759 ⁹
78 783 113 838 fr>
198 768 268 821 Et
293 767 537 834 quoniam
574 766 742 830 audio,
781 764 1055 818 fortissimi
1088 766 1139 817 et
1165 765 1419 819 carissimi
1456 765 1658 832 fratreS,
1698 766 1998 834 inpudentia
2016 766 2047 818 3

123 869 215 907 uos
263 853 585 920 quorundam
634 850 801 920 premi
840 851 891 904 et
928 850 1292 904 uerecundiam
1328 851 1558 905 uestram
1594 853 1705 905 uim
1736 853 1864 920 pati,
1913 868 1998 906 oro

23 943 42 998 -5'
122 955 215 994 uos
242 939 429 1007 quibus
453 952 663 1005 possum
687 935 924 1004 precibus
949 937 1009 989 ut
1035 936 1293 1005 euangelii
1325 952 1575 991 memores
1602 940 1654 991 et
1681 938 2000 992 consideran-

2 1087 9 1095 ,
121 1028 201 1079 tes
240 1040 366 1092 quae
402 1025 453 1077 et
487 1023 660 1091 qualia
695 1022 751 1075 in
788 1022 1128 1091 praeteritum
1165 1023 1507 1076 antecessores
1544 1023 1707 1077 uestri
1744 1024 1996 1092 martyres

126 1110 483 1174 concesserint,
542 1125 698 1177 quam
750 1109 963 1162 solliciti
1009 1108 1064 1161 in
1111 1108 1350 1162 omnibus
1400 1108 1608 1174 fuerint,
1665 1125 1756 1164 uos
1803 1126 2000 1178 quoque

19 1199 34 1270 33
59 1196 112 1250 (ιο
127 1195 349 1250 sollicite
377 1196 428 1248 et
453 1197 600 1249 caute
637 1195 926 1263 petentium
965 1193 1218 1247 desideria
1253 1194 1559 1261 ponderetiS,
1599 1195 1659 1247 ut
1692 1196 1811 1264 pote
1848 1196 2002 1250 amici

23 1267 30 1347 ³
127 1281 338 1335 Domini
373 1282 424 1334 et
461 1297 578 1334 cum
614 1281 705 1333 illo
742 1279 1072 1349 postmodum
1107 1279 1386 1332 iudicaturi
1422 1280 1708 1348 inspiciatis
1743 1281 1794 1333 et
1828 1282 2002 1334 actum

124 1368 178 1421 et
198 1382 347 1435 opera
368 1368 420 1420 et
442 1367 630 1420 merita
655 1367 994 1436 singulorum,
1022 1365 1251 1433 ipsorum
1272 1381 1469 1433 quoque
1492 1366 1798 1419 delictorum
1817 1382 2003 1436 genera

126 1454 179 1507 et
226 1453 504 1521 qualitates
553 1453 810 1523 cogitetis,
858 1463 922 1506 ne
970 1451 1014 1504 si
1061 1451 1186 1519 quid
1235 1451 1451 1519 abrupte
1498 1453 1550 1505 et
1595 1451 1806 1521 indigne
1852 1451 2003 1506 uela

21 1538 37 1621 ’ᾗ
127 1539 272 1593 uobis
310 1539 619 1606 promissum
653 1538 737 1592 uel
762 1554 792 1591 a
816 1538 962 1591 nobis
1000 1537 1196 1590 factum
1235 1537 1410 1602 fuerit,
1449 1538 1585 1606 apud
1622 1538 1840 1607 gentiles
1878 1553 2002 1606 quo-

61 1633 111 1674 '15
128 1641 226 1693 que
272 1625 409 1692 ipsos
456 1624 667 1678 ecclesia
711 1625 886 1677 nostra
925 1624 1214 1677 erubescere
1262 1623 1491 1692 incipiat.
1545 1624 1820 1677 uisitamur
1865 1624 2004 1677 enim

14 1702 28 1773 ³f
127 1713 180 1764 et
230 1710 545 1781 castigamur
588 1710 879 1778 frequenter
917 1710 968 1763 et
1004 1711 1064 1763 ut
1101 1710 1310 1763 Domini
1347 1710 1590 1763 mandata
1625 1710 1917 1777 incorrupta
1954 1710 2006 1763 et

10 1779 37 1877 ³}
124 1796 378 1850 inuiolata
412 1796 744 1864 permaneant
781 1797 1128 1877 admonemur.
1179 1796 1313 1863 quod
1351 1796 1559 1863 quidem
1594 1811 1686 1849 nec
1723 1796 1833 1849 illic
1870 1795 2006 1862 apud

127 1897 219 1936 uos
258 1898 451 1936 cessare
490 1897 734 1952 cognosco
773 1896 871 1950 quo
909 1882 1080 1935 minus
1124 1881 1375 1949 plurimos
1413 1896 1611 1949 quoque
1646 1898 1705 1935 ex
1739 1881 1885 1934 uobis
1923 1881 2005 1934 in-

0 1966 34 2006 ⁷·
128 1969 296 2022 struat
321 1970 386 2022 ad
412 1969 652 2034 ecclesiae
690 1967 1018 2035 disciplinam
1052 1968 1227 2020 diuina
1252 1983 1475 2021 censura.
1514 1968 1610 2020 hoc
1635 1969 1811 2021 autem
1835 1969 2007 2021 totum

35 2046 115 2126 fao
128 2056 299 2122 potest
329 2054 456 2118 fieri,
498 2055 543 2108 si
568 2070 626 2107 ea
651 2070 778 2121 quae
804 2070 834 2106 a
859 2054 1003 2106 uobis
1041 2054 1288 2120 petuntur
1312 2053 1553 2123 religiosa
1579 2054 2007 2122 contemplatione

0 2128 35 2213 ⁴..
129 2140 481 2205 moderemini,
519 2140 876 2209 intellegentes
904 2141 955 2193 et
982 2139 1352 2207 conprimentes
1385 2154 1466 2192 eos
1494 2139 1582 2207 qui
1607 2154 1844 2207 personas
1871 2139 2007 2192 acci-

127 2225 329 2292 pientes
348 2226 403 2278 in
421 2225 680 2279 beneficiis
705 2226 892 2279 uestris
919 2227 1010 2279 aut
1036 2225 1393 2295 gratificantur
1413 2227 1504 2278 aut
1522 2225 1752 2278 inlicitae
1777 2225 2008 2295 negotia-

0 2288 34 2361 Ῐ
118 2310 285 2379 jtionis
322 2311 576 2365 nundinas
614 2312 949 2379 aucupantur.
2029 2300 2034 2305 ³

14 2442 37 2501 ·¹·1
219 2482 244 2524 1
265 2481 516 2526 dubuerant
539 2483 581 2526 Τ
597 2482 669 2538 (ue
688 2482 741 2525 in
760 2482 869 2538 ras.)
1005 2483 1152 2525 seruet
1173 2481 1255 2534 R',
1286 2484 1463 2526 seruent
1484 2484 1529 2526 et
1549 2497 1575 2527 v
1708 2483 1736 2526 2
1757 2481 1884 2526 nobis
1911 2482 1955 2526 V

3 2523 47 2622 {³}
120 2554 159 2598 :3
181 2555 416 2610 expectant
438 2555 541 2597 ante
562 2554 630 2597 est
650 2554 702 2597 ut
723 2554 772 2605 T,
799 2553 1101 2608 expectantest
1121 2573 1227 2624 *⁸²:¹22
1214 2555 1266 2597 ut
1293 2553 1330 2611 Q
1350 2554 1627 2610 (expectante
1649 2557 1717 2598 est
1737 2556 1788 2597 ut
1809 2554 1898 2610 M),
1937 2566 2009 2598 ex-

4 2617 38 2674 ῑ’«,ἷ;
131 2627 338 2682 spectant
354 2627 424 2670 est
439 2627 487 2669 at
502 2627 554 2669 ut
573 2626 631 2678 R,
653 2626 883 2682 expectent
906 2624 1050 2669 Ooeon.
1137 2625 1215 2668 dni
1231 2625 1276 2670 R
1292 2625 1309 2667 i
1325 2626 1377 2669 in
1394 2639 1482 2670 ras.
1572 2626 1602 2669 4
1620 2625 1891 2670 tractabitur
1913 2625 1958 2669 V

4 2674 43 2764 3}
121 2697 161 2740 -5
182 2697 408 2754 quoniam]
440 2696 557 2753 quod
583 2697 620 2742 Ο
734 2697 761 2739 6
790 2709 868 2739 uos
891 2708 972 2739 om.
1003 2696 1085 2741 GR
1199 2696 1436 2740 corundam
1463 2697 1500 2742 Ο
1613 2697 1668 2741 ab
1689 2696 2007 2753 inpudentibus

3 2765 37 2839 ’ἰέ-
127 2767 403 2824 quibusdam
424 2781 502 2812 uos
530 2769 574 2812 V
722 2768 879 2824 premi*
908 2767 945 2824 Q
966 2758 1180 2823 (praemia
1200 2768 1275 2825 M)
1420 2770 1466 2812 et
1487 2782 1587 2824 exp.
1618 2769 1655 2814 0
1798 2768 1892 2811 uim
1911 2768 2010 2824 pati

8 2839 46 2898 εἷς
135 2851 215 2898 om.
251 2839 333 2884 GR
464 2828 563 2896 pati
593 2839 681 2896 oro]
718 2839 866 2896 patior
893 2838 974 2895 TQ
1108 2840 1135 2883 9
1167 2840 1351 2884 solliciti
1372 2841 1416 2883 et
1437 2841 1559 2884 cauti
1579 2840 1669 2897 RQ
1801 2839 1850 2883 in
1870 2840 2011 2884 omni-

14 2890 38 3001 }
129 2909 218 2954 bus
335 2912 463 2955 caute
484 2924 567 2955 om.
595 2910 633 2968 Q
766 2911 860 2967 uos]
890 2924 1006 2954 nunc
1026 2924 1103 2955 uos
1131 2911 1181 2964 V,
1212 2913 1320 2955 tunc
1345 2912 1387 2956 T
1515 2911 1571 2955 10
1591 2911 1855 2968 petentium]
1885 2910 2015 2968 peni-

5 2996 34 3058 ἦ
125 2982 331 3026 ἲθιιίτὶιιῑη
352 2982 397 3027 R
538 2983 784 3040 ponderitis
813 2983 850 3027 Ο
995 2985 1047 3028 ut
1076 2985 1178 3040 pote
1207 2986 1249 3027 T
1271 2998 1295 3027 o
1325 2984 1379 3029 in
1409 2998 1514 3038 ras„
1553 2986 1605 3028 ut
1634 2986 1789 3040 postea
1816 2983 1898 3029 GR

130 3053 193 3097 11
212 3053 470 3111 iudicaturi]
493 3054 686 3099 dicaturi
708 3055 745 3112 Q
852 3057 906 3100 13
927 3055 1162 3112 qualitatis
1185 3053 1222 3112 Q
1312 3056 1387 3099 uel
1407 3069 1432 3099 a
1453 3070 1494 3100 u.
1515 3056 1784 3112 promissum
1810 3057 1852 3100 Τ
1866 3068 1900 3099 s.
1924 3054 1952 3098 l.

7 3160 26 3180 ,Δ
139 3123 196 3167 14
224 3124 351 3168 nobis
381 3125 492 3181 ipsis
512 3126 573 3170 M
604 3125 673 3183 ips
707 3140 740 3171 s.
765 3127 793 3170 l.
815 3141 871 3171 m.
894 3129 926 3171 2
964 3126 1108 3183 (nobis
1136 3126 1189 3184 Q)
1356 3127 1410 3171 15
1446 3127 1566 3182 ipsas
1602 3126 1811 3170 ecclesiae
1839 3126 1895 3172 0¹

135 3193 196 3238 ,16
215 3195 286 3252 ut]
308 3195 378 3238 uti
397 3195 525 3240 uobis
545 3197 603 3249 R,
626 3199 678 3240 ut
698 3199 746 3241 in
766 3198 961 3255 nobiSQC
1065 3184 1169 3241 dnm
1198 3199 1235 3243 O
1347 3199 1400 3241 17
1422 3198 1593 3241 uiolata
1620 3196 1656 3253 Q
1751 3199 2011 3252 permaneat

148 3265 232 3322 TQ
334 3268 417 3323 quo
444 3268 484 3309 Τ
575 3281 652 3312 nec
675 3282 757 3313 om.
786 3269 835 3326 Q‘
939 3270 994 3314 18
1015 3269 1131 3326 quod
1151 3269 1297 3313 minus
1326 3270 1362 3315 G
1381 3270 1459 3313 sed
1477 3269 1623 3312 minus
1646 3281 1742 3324 emp.
1861 3268 1920 3310 20
1940 3281 2012 3311 ea-

135 3348 226 3392 que
252 3338 294 3382 T
422 3340 629 3395 petentur
654 3341 709 3382 T¹
719 3357 736 3396 ,·
758 3340 864 3385 add.
894 3341 999 3386 GR.-
1027 3353 1114 3384 non
1133 3340 1269 3384 facile
1290 3340 1550 3383 tribuantur
1572 3339 1871 3393 (tributantur
1891 3337 1954 3394 R)

135 3407 352 3464 religiosa
465 3423 518 3465 p.
544 3413 676 3461 516‚2
695 3412 906 3455 mandaui
927 3425 1007 3456 om.
1039 3412 1118 3457 GR
1232 3413 1287 3456 21
1307 3411 1597 3455 moderamini
1619 3410 1661 3453 Τ.
1774 3422 1846 3453 eas
1873 3407 1955 3466 TQ

137 3478 199 3522 22
219 3480 528 3536 gratificentur
554 3481 636 3538 TQ
695 3499 702 3508 ·
771 3483 819 3526 in
838 3483 998 3527 illicite
1027 3486 1074 3536 T,
1106 3483 1278 3527 inlicite
1307 3481 1344 3539 Q
1364 3481 1608 3538 (illiciteite
1629 3481 1706 3538 M)
1842 3479 2012 3537 cogita-

137 3549 284 3594 tiones
305 3551 523 3596 nundinas
552 3553 602 3609 Q,
625 3553 921 3609 cogitationes
944 3553 1188 3597 mundanas
1216 3555 1258 3598 T
1368 3553 1424 3595 23
1445 3552 1742 3607 autcupantur
1771 3552 1813 3622 T

1551 3623 1671 3677 33*
