2332 3978
707 295 1004 351 Epistulae
1033 297 1232 342 LXXV.
1265 311 1300 342 6.
1332 298 1515 343 14-17.
1935 303 2036 356 821

164 423 430 493 euangelio
458 424 708 492 [quando]
737 424 791 476 in
818 425 949 478 solos
976 426 1233 493 apostolos
1258 427 1545 482 insufflauit
1570 428 1805 482 Christus
1840 429 2036 484 dicens:

41 552 72 575 „
164 509 444 576 accipite
515 509 818 576 spiritum
892 511 1199 564 sanctnm.
1274 512 1329 564 si
1388 514 1570 567 cuius
1639 515 2036 568 remiseritis

107 630 112 635 -
161 595 470 664 peccata,'
507 595 938 648 remittentur
991 595 1128 648 illi:
1191 597 1253 649 et
1308 597 1363 649 si
1418 599 1600 651 cuius
1656 599 2036 665 tenueritis,

164 680 572 734 tenebuntur.
601 680 831 748 potestas
853 696 972 750 ergo
991 682 1317 747 peccatorum
1337 683 1769 736 remittendorum
1795 685 2038 752 apostolis

31 763 61 839 J
122 783 145 816 ι
166 765 287 819 data
324 767 403 819 est
443 766 494 819 et
533 765 759 820 ecclesiis
804 782 928 833 quas
966 767 1049 820 1111
1083 783 1114 819 a
1149 766 1348 820 Christo
1393 769 1539 822 missi
1578 770 1952 823 constituerunt
1988 771 2039 823 et

35 855 84 919 fg
164 851 413 920 episcopis
450 851 539 918 qui
576 850 648 904 eis
687 851 1006 905 ordinatione
1042 852 1237 905 uicaria
1262 855 1628 906 successerunt.
1666 855 1839 908 hostes
1865 857 2039 909 autem

19 932 23 942 “
166 936 318 990 11111118
344 936 625 989 catholicae
653 937 911 1003 ecclesiae,
944 938 999 990 in
1025 953 1125 1005 qua
1148 954 1240 991 nos
1268 953 1464 1002 sumuS,
1492 940 1544 992 et
1570 940 1851 993 aduersarii
1876 939 2039 994 nostri
2104 965 2106 967 >

167 1022 256 1089 qui
304 1022 548 1089 apostolis
599 1023 939 1076 successimus
990 1023 1275 1077 sacerdotia
1323 1025 1424 1077 sibi
1472 1025 1677 1078 inlicita
1727 1027 1900 1079 contra
1949 1041 2039 1079 nos

35 1099 53 1175 J
151 1108 488 1162 'uindicantes
526 1108 578 1160 et
616 1108 803 1161 altaria
847 1109 1058 1176 profana
1095 1109 1339 1177 ponentes
1379 1110 1505 1176 quid
1545 1110 1688 1163 aliud
1725 1113 1845 1164 sunt
1885 1127 2041 1178 quam

104 1215 151 1249 lo
170 1193 295 1248 Cere
331 1196 384 1248 et
407 1194 614 1247 Dathan
653 1197 704 1247 et
730 1194 928 1247 Abiron
962 1195 1075 1263 pari
1111 1196 1299 1248 8661616
1330 1195 1567 1264 sacrilegi
1599 1197 1650 1248 et
1675 1196 1878 1249 easdem
1915 1211 2040 1263 quas

40 1274 43 1278 ’
166 1281 218 1335 et
252 1281 335 1334 illi
368 1295 555 1349 poenas
601 1281 775 1334 daturi
814 1296 932 1333 cum
969 1281 1051 1334 his
1089 1281 1176 1348 qui
1215 1280 1317 1334 sibi
1355 1282 1715 1334 consentiunt?
1761 1282 2041 1335 secundum

83 1380 96 1389 “
165 1368 300 1435 (111611
343 1368 503 1421 etiam
545 1368 670 1421 tunc
713 1368 925 1420 illorum
968 1367 1245 1436 participes
1291 1367 1342 1419 et
1380 1366 1604 1420 fautores
1647 1367 1761 1434 pari
1805 1383 1924 1420 cum
1968 1367 2041 1420 eis

165 1454 330 1507 morte
353 1454 633 1521 perierunt.

34 1593 36 1595 ,
235 1540 408 1608 Atque
446 1555 538 1609 ego
562 1541 617 1594 in
642 1541 742 1594 hac
766 1541 913 1607 parte
949 1539 1086 1592 iuste
1121 1539 1363 1609 indignor
1398 1541 1463 1593 ad
1496 1540 1627 1594 hanc
1661 1541 1772 1593 tam
1809 1541 2123 1607 apertaml7

21 1639 35 1702 g
106 1647 148 1683 ιε»
166 1626 219 1678 et
242 1625 571 1679 manifestam
598 1625 844 1692 Stephani
882 1625 1184 1690 stultitiam,
1227 1627 1362 1692 quod
1398 1626 1487 1693 qui
1523 1626 1595 1679 816
1632 1627 1694 1678 (16
1721 1625 2041 1693 episcopatus

168 1711 250 1764 sui
293 1711 402 1764 loco
449 1711 702 1780 gloriatur
747 1711 798 1764 et
843 1727 897 1763 se
927 1711 1315 1763 successionem
1358 1711 1503 1763 Petri
1547 1712 1717 1764 tenere
1762 1709 2040 1773 contendit,
2088 1700 2091 1702 ’

169 1813 321 1864 super
364 1811 516 1864 quem
555 1797 893 1849 fundamenta
932 1796 1175 1849 ecclesiae
1215 1796 1464 1850 collocata
1500 1798 1635 1860 sunt,
1682 1796 1875 1848 multas
1913 1794 2041 1847 alias

165 1883 336 1950 petras
355 1882 567 1935 inducat
590 1883 642 1935 et
663 1882 996 1935 ecclesiarum
1022 1882 1310 1934 multarum
1335 1898 1467 1935 noua
1487 1882 1716 1935 aedificia
1742 1880 2039 1944 constituat,

165 1969 290 2022 dum
316 1983 425 2022 esse
450 1968 560 2020 illic
584 1968 845 2036 baptisma
871 1983 963 2021 sua
989 1968 1299 2021 auctoritate
1324 1967 1571 2020 defendit.
1600 1984 1721 2020 nam
1747 1966 1836 2033 qui
1862 1966 2034 2032 bapti-

19 2043 24 2110 ’ῗ
101 2077 146 2112 20
162 2054 343 2107 zantur
400 2054 655 2120 complent
707 2054 815 2106 sine
863 2053 1018 2105 dubio
1071 2053 1312 2107 ecclesiae
1361 2070 1658 2106 numerum:
1722 2051 1811 2119 qui
1861 2053 2030 2104 autem

165 2140 426 2207 baptisma
452 2154 628 2192 eorum
651 2139 849 2207 probat,
879 2140 942 2192 de
967 2139 1245 2207 baptizatis
1273 2142 1325 2192 et
1352 2140 1620 2192 ecclesiam
1646 2139 1757 2191 illic
1784 2154 1891 2191 esse
1918 2152 2035 2189 con-

160 2225 347 2278 firmat.
395 2241 486 2278 nec
530 2226 794 2294 intellegit
838 2225 1075 2279 offuscari
1122 2241 1151 2278 a
1196 2240 1248 2276 se
1292 2226 1343 2277 et
1387 2225 1608 2292 quodam
1653 2225 1802 2277 modo
1847 2222 2038 2276 aboleri

163 2311 472 2364 christianae
507 2313 681 2379 petrae
721 2311 1000 2364 ueritatem
1036 2309 1126 2377 qui
1163 2310 1236 2363 816
1267 2310 1443 2378 prodit
1469 2311 1520 2362 et
1546 2310 1738 2363 deserit
1764 2309 2034 2362 unitatem.

161 2396 377 2450 Iudaeos
410 2398 586 2450 tamen
621 2396 860 2464 quamuis
886 2396 1179 2466 ignorantia
1204 2411 1377 2449 caecos
1405 2396 1455 2448 et
1481 2396 1788 2464 grauissimo
1814 2394 2037 2447 facinore

6 2485 23 2554 5²
104 2505 148 2538 2⁵
167 2483 469 2536 constrictos
495 2483 664 2536 zelum
689 2483 785 2536 Dei
812 2482 1074 2550 apostolus
1102 2482 1288 2534 habere
1312 2481 1594 2548 profitetur.
1637 2479 1920 2548 Stephanus
1948 2479 2036 2546 qui

161 2584 251 2635 per
300 2569 668 2623 successionem
719 2568 1017 2622 cathedram
1058 2567 1207 2620 Petri
1256 2567 1441 2619 habere
1485 2581 1537 2618 86
1581 2566 1842 2633 praedicat
1891 2564 2036 2617 nullo

163 2655 407 2708 aduersus
439 2655 721 2708 haereticos
757 2654 864 2706 zelo
900 2653 1167 2717 excitatur,
1206 2652 1481 2704 concedens
1517 2651 1625 2703 illis
1658 2665 1758 2702 non
1781 2650 2038 2703 modicam

165 2739 254 2792 sed
289 2739 571 2793 maximam
607 2739 803 2809 gratiae
839 2739 1166 2807 potestatem,
1204 2738 1264 2790 ut
1296 2737 1436 2789 dicat
1473 2750 1555 2787 eos
1582 2736 1633 2787 et
1658 2735 1924 2788 adseueret
1948 2750 2038 2801 per

164 2826 413 2901 baptismi
448 2827 829 2880 sacramentum
866 2825 1038 2878 sordes
1074 2823 1263 2877 ueteris
1299 2821 1522 2875 hominis
1558 2821 1780 2884 abluere,
1826 2819 2038 2886 antiqua

104 2932 149 2965 ³0
165 2912 348 2965 mortis
372 2912 579 2980 peccata
604 2912 807 2976 donare,
834 2910 1220 2979 regeneratione
1247 2908 1454 2962 caelesti
1480 2907 1614 2960 filios
1640 2906 1738 2959 Dei
1765 2905 1944 2970 facere,
1972 2905 2038 2958 ad

165 2998 426 3050 aeternam
463 2997 630 3054 uitam
667 2997 835 3050 diuini
874 2996 1069 3050 lauacri
1107 2994 1508 3049 sanctificatione
1541 3007 1791 3059 reparare.
1837 3006 1966 3059 quae
1993 2991 2036 3044 si

245 3216 247 3221 ,
335 3152 363 3195 2
391 3152 456 3195 16.
486 3151 555 3204 20,
588 3152 657 3196 22.
689 3152 759 3196 23.

239 3272 472 3335 sl-quando
493 3279 544 3323 Ε
559 3292 592 3324 s.
615 3280 643 3324 l.
665 3280 722 3324 m.
744 3283 792 3336 2,
815 3293 896 3324 om.
924 3278 961 3336 Q
1172 3277 1200 3321 3
1221 3279 1266 3321 et
1286 3290 1366 3321 om.
1390 3276 1451 3319 M
1466 3276 1584 3331 (emh.
1615 3274 1672 3332 Q)
1860 3272 1900 3317 ’6
1920 3271 2036 3316 ordi-

0 3335 23 3378 ἶ
164 3351 393 3395 nationem
421 3350 459 3408 Q
530 3371 532 3374 ·
601 3351 656 3395 13
676 3354 818 3396 morte
839 3366 920 3397 om.
945 3350 1028 3395 EI
1167 3351 1225 3394 14
1244 3337 1398 3406 aperta
1423 3348 1460 3406 Q
1602 3347 1658 3390 22
1678 3344 1901 3390 obfuscari
1923 3344 1979 3389 Iv

0 3422 15 3470 ξ’
167 3421 336 3466 adoleri
363 3421 401 3479 Q
629 3422 687 3466 24
706 3423 988 3479 ignorantiae
1010 3421 1130 3479 EIQ
1371 3420 1427 3464 28
1448 3419 1614 3463 diceret
1639 3418 1676 3476 Q
1904 3428 1975 3460 eos
1997 3415 2038 3468 Ι,

166 3492 232 3536 eis
253 3493 342 3550 EQ
368 3484 391 3521 ³-
511 3507 590 3550 pei·
611 3508 693 3538 om.
717 3494 779 3538 M
796 3495 914 3550 (exh.
945 3493 1001 3551 Q)
1187 3492 1244 3536 30
1264 3491 1342 3535 deo
1367 3491 1404 3548 Q
1426 3489 1514 3546 (dei
1534 3490 1611 3546 M)
1796 3489 1851 3532 31
1874 3486 2039 3531 sancti-

166 3563 427 3608 ficationem
442 3564 480 3622 Q
653 3578 765 3622 quae
785 3566 825 3609 si
845 3566 906 3609 M
908 3565 978 3623 Q¹‚
1003 3565 1080 3621 qui
1102 3564 1141 3608 si
1166 3563 1236 3622 Q2,
1258 3563 1334 3620 qui
1358 3561 1414 3607 Iv
