2332 3978
557 261 792 305 Sentent
829 272 888 303 ae
919 262 1311 316 episcoporum
1340 275 1413 304 nr.
1448 263 1619 307 17-24
1919 267 2026 320 445

7 428 41 515 ξ
643 464 1026 514 Hortensianus
1053 479 1086 513 a
1109 464 1326 514 Laribus
1354 466 1514 516 dixit:

14 534 38 623 ξ
219 562 458 616 Viderint
501 563 593 615 aut
635 562 1047 631 praesumptores
1090 562 1181 615 aut
1220 560 1447 616 fautores
1492 564 1897 620 haereticorum:
1936 582 2027 621 nos
2053 569 2123 620 21·

146 666 308 702 unum
333 648 594 716 baptisma
619 647 756 715 quod
788 661 888 700 non
922 646 1024 700 nisi
1059 647 1114 700 in
1139 647 1353 701 ecclesia
1377 648 1618 701 nouimus
1645 651 1887 706 ecclesiae
1912 654 2029 707 uin-

7 730 42 799 ἓ
145 735 391 787 dicamus.
458 734 550 786 aut
588 733 841 801 quomodo
878 733 1092 800 possunt
1126 733 1180 786 in
1223 735 1430 787 nomine
1467 733 1659 787 Christi
1685 737 1912 805 aliquem
1937 740 2032 793 ba-

7 806 41 925 {3
109 844 127 876 ⁵
143 822 337 891 ptizare
363 834 489 888 quos
514 820 623 888 ipse
649 818 884 873 Christus
911 819 1040 873 dicit
1066 820 1388 874 aduersarios
1415 836 1533 874 suos
1562 825 1707 875 esse?

655 979 857 1029 Cassius
885 993 916 1028 a
941 979 1330 1029 macomadibus
1357 980 1514 1031 dixit:

216 1078 344 1132 Cum
383 1077 703 1145 baptismata
741 1077 840 1128 duo
881 1091 990 1129 esse
1028 1092 1128 1129 non
1154 1077 1377 1144 possint,
1436 1078 1525 1145 qui
1550 1077 1826 1132 haereticis
1859 1079 2033 1148 bapti·
2053 1081 2126 1131 22

143 1181 316 1219 smum
342 1163 572 1217 concedit
598 1162 699 1215 sibi
726 1162 882 1215 tollit.
913 1178 1092 1216 censeo
1118 1163 1294 1231 itaque
1318 1163 1517 1216 flebiles
1545 1167 1597 1217 et
1623 1165 1829 1219 tabidos
1854 1166 2033 1220 haere-

8 1310 17 1322 „
140 1251 271 1305 ticos
308 1249 644 1317 baptizandos
671 1263 804 1312 esse,
845 1264 964 1301 cum
1008 1249 1073 1301 ad
1118 1249 1387 1302 ecclesiam
1422 1250 1607 1306 ,uenire
1652 1252 1938 1319 coeperint,
1980 1255 2032 1306 et

87 1355 128 1387 10
143 1352 285 1392 sacra
321 1336 374 1388 et
413 1334 591 1388 diuina
627 1335 886 1387 lauatione
923 1334 1057 1387 lotos
1098 1336 1150 1387 et
1187 1335 1242 1387 in
1279 1335 1476 1389 lumine
1515 1337 1655 1390 uitae
1693 1338 2031 1391 inluminatos

15 1416 30 1431 ”
142 1438 244 1476 11011
278 1422 449 1475 hostes
487 1421 577 1474 sed
614 1420 878 1488 pacificOS,
917 1435 1019 1473 non
1059 1420 1253 1474 alienos
1279 1422 1369 1474 sed
1395 1421 1516 1474 fidei
1543 1422 1754 1475 Domini
1780 1424 2030 1476 domesti-

143 1524 252 1573 cOS,
292 1523 392 1562 non
418 1507 679 1561 adulteros
706 1507 794 1559 sed
821 1507 916 1559 Dei
943 1507 1078 1559 filios
1097 1548 1109 1571 ,
1149 1522 1249 1561 non
1277 1508 1462 1561 erroris
1490 1509 1580 1562 sed
1607 1509 1793 1562 salutis
1821 1509 2029 1563 effectos

142 1598 197 1650 in
225 1595 493 1651 ecclesiam
517 1594 703 1662 recipi,
732 1594 924 1661 absque
950 1595 1031 1647 his
1059 1594 1148 1662 qui
1174 1595 1237 1647 de
1264 1595 1476 1647 ecclesia
1502 1594 1678 1648 fideles
1706 1595 2030 1662 supplantati

25 1730 32 1752 3
144 1682 210 1736 ad
234 1682 459 1735 haeresis
486 1680 720 1734 tenebras
747 1681 1083 1746 transierant,
1113 1681 1203 1735 sed
1228 1696 1311 1733 eos
1337 1697 1428 1749 per
1452 1697 1637 1734 manus
1664 1682 2031 1750 inpositionem

17 1782 27 1793 ··
86 1787 127 1820 15
143 1769 505 1822 restituendos.

533 1915 678 1964 Alius
704 1915 981 1964 Ianuarius
1009 1929 1040 1963 a
1065 1914 1192 1964 Vico
1226 1914 1463 1964 Caesaris
1493 1914 1652 1963 dixit:

221 2011 277 2065 Si
319 2028 420 2065 non
464 2011 785 2080 obtemperat
830 2026 969 2065 error
1012 2011 1251 2075 ueritati,
1293 2011 1459 2063 multo
1497 2011 1669 2080 magis
1707 2012 1903 2065 ueritas
1940 2029 2041 2065 non
2061 2021 2126 2072 23

150 2099 404 2151 consentit
433 2098 605 2150 errori.
648 2099 699 2150 et
726 2097 840 2151 ideo
876 2113 967 2151 nos
995 2098 1234 2150 ecclesiae
1262 2098 1595 2160 adsistimUS,
1636 2098 1690 2150 in
1717 2114 1816 2165 qua
1843 2100 2040 2165 praesi-

19 2248 24 2256 .
150 2184 332 2237 demus
349 2225 360 2244 ,
389 2186 449 2236 ut
475 2184 796 2252 baptismum
823 2184 933 2236 eius
960 2184 1061 2251 ipsi
1088 2185 1184 2237 soli
1210 2184 1533 2237 uindicantes
1561 2199 1644 2236 eos
1673 2199 1798 2251 quos
1826 2185 2042 2238 ecclesia

16 2298 26 2348 ,ζ
92 2285 249 2329 zonon
275 2271 561 2338 baptizauit
587 2270 926 2338 baptizemus.

616 2430 769 2479 Alius*
790 2430 1109 2480 Secundinus
1135 2444 1167 2479 a
1194 2430 1386 2494 Carpos
1415 2430 1572 2479 dixit:

221 2528 487 2599 Haeretici
515 2527 785 2580 christiani
825 2528 945 2580 sunt
982 2543 1047 2579 an
1084 2530 1221 2580 non?
1261 2527 1305 2579 si
1351 2527 1619 2578 christiani
1665 2528 1813 2589 sunt,
1856 2543 1947 2579 cur
1987 2526 2042 2578 in
2062 2536 2131 2587 24.

151 2614 362 2667 ecclesia
404 2615 501 2667 Dei
544 2629 645 2666 non
689 2614 848 2666 sunt?
888 2613 933 2666 si
979 2613 1249 2666 christiani
1292 2628 1393 2665 non
1439 2614 1588 2675 sunt,
1629 2612 1771 2664 fiant.
1813 2614 1905 2664 aut
1941 2626 2039 2679 quo

238 2787 266 2830 2
296 2786 496 2830 uiderint
527 2785 704 2830 SLTV
737 2791 780 2829 et
811 2785 940 2830 codd.
963 2785 1106 2842 Amy„
1149 2786 1259 2840 quot
1291 2783 1383 2827 sint
1412 2783 1630 2840 baptismi
1661 2783 1857 2826 uiderint
1886 2783 1959 2826 Av

149 2859 454 2914 prosumptore
478 2857 516 2901 S
621 2857 649 2900 3
679 2863 790 2901 ante
811 2857 930 2913 quod
956 2858 996 2898 T
1009 2870 1042 2900 s.
1062 2857 1091 2900 l.
1114 2858 1263 2899 tenere
1380 2855 1602 2911 nouimus]
1627 2857 1695 2898 est
1716 2856 1762 2897 et
1784 2854 1830 2897 id
1851 2853 1979 2897 nobis
2002 2855 2046 2896 et

141 2942 207 2974 -eae
226 2930 353 2974 nouis
369 2930 410 2972 T
490 2929 518 2973 5
537 2929 652 2973 dixit
668 2930 708 2972 T
790 2929 817 2972 6
838 2930 985 2972 casius
1006 2929 1051 2971 L
1137 2927 1469 2971 macomanibus
1484 2927 1516 2970 S
1526 2932 1532 2954 ¹
1632 2927 1656 2969 7
1678 2925 1907 2982 baptisma
1926 2926 1965 2966 T

149 3002 336 3058 possunt
358 3001 396 3045 S
520 3001 746 3058 baptisma
769 3016 796 3046 v
941 3002 969 3044 8
999 3000 1154 3056 itaque
1175 3000 1229 3043 in
1250 3013 1341 3043 ras.
1371 3001 1410 3042 T
1523 3000 1569 3042 et
1589 2997 1784 3053 tabidos]
1809 2996 2046 3040 sectabiles

151 3073 191 3118 S
196 3071 216 3127 ;’
238 3076 285 3118 et
303 3073 602 3131 desperabiles
621 3074 730 3128 fort.
864 3073 891 3116 9
922 3072 1158 3128 coeperunt
1180 3071 1216 3115 S
1331 3073 1376 3114 et
1397 3084 1523 3114 sacra
1544 3083 1625 3113 om.
1646 3070 1690 3112 L
1819 3068 1874 3111 10
1893 3068 1942 3111 in
1962 3081 2045 3111 om.

152 3146 315 3192 LTAv
421 3145 476 3189 11
506 3145 714 3201 pacificus
735 3143 791 3190 S¹
909 3145 964 3188 12
995 3144 1177 3187 effectus
1201 3142 1238 3187 S
1345 3142 1401 3185 13
1430 3142 1597 3197 absque
1617 3140 1706 3196 his]
1737 3128 1811 3195 sp}
1841 3152 1953 3195 quae
1973 3138 2049 3180 bis

138 3219 230 3275 *qui
251 3218 308 3271 S,
339 3218 506 3274 absque
527 3231 600 3262 eos
621 3230 677 3261 ex
697 3217 880 3273 adqueis
908 3218 947 3259 T
1116 3215 1187 3272 de]
1209 3215 1259 3258 in
1279 3215 1325 3258 A
1345 3213 1425 3258 sed
1444 3212 1565 3256 idem
1586 3214 1611 3268 ξ
1632 3214 1691 3255 55
1710 3210 1764 3254 de
1940 3208 2047 3251 fide-

142 3290 212 3334 -lis
233 3290 271 3335 S
357 3290 413 3334 14
442 3289 519 3334 sed
538 3302 611 3333 eos
633 3303 736 3345 emp.
756 3291 811 3333 in
837 3290 877 3331 T
958 3287 1015 3331 18
1045 3300 1178 3343 quam
1204 3288 1244 3329 T
1344 3283 1652 3340 praesedemus
1676 3281 1714 3325 S
1805 3281 1861 3324 21
1893 3292 2046 3334 carpos

155 3361 304 3414 SLV,
336 3373 492 3417 carpus
518 3361 566 3412 Τ,
588 3360 735 3416 carpis
753 3360 828 3404 Av
973 3359 1030 3402 23
1062 3358 1135 3402 dei
1156 3372 1237 3401 om.
1268 3359 1309 3400 T
1421 3355 1460 3398 si
1482 3354 1549 3398 ch.
1573 3367 1661 3396 non
1681 3353 1787 3396 sunt
1809 3351 1852 3394 L
1871 3364 1906 3394 s.
1929 3351 1956 3393 l.

152 3432 266 3476 fiant
285 3432 463 3477 LTVA
483 3436 526 3475 et
545 3432 769 3483 Zonaras,
791 3431 907 3475 fiunt
924 3431 971 3485 S,
994 3429 1211 3486 quomodo
1233 3426 1503 3471 christianos
1524 3424 1698 3468 faciunt
1719 3438 1745 3467 v
1833 3423 1912 3464 aut
1932 3420 2049 3477 quod

0 3480 18 3565 f:
157 3503 214 3559 S,
245 3504 302 3548 ad
323 3518 430 3560 quos
451 3518 507 3548 ex
528 3505 607 3547 aut
627 3517 712 3559 quo
739 3505 779 3546 T
