2332 3978
262 268 332 321 74
951 266 1194 313 Caecilii
1223 267 1492 325 Cypriani

278 413 458 451 susum
502 398 554 450 et
596 397 651 449 in
694 395 1029 450 altitudinem
1074 396 1328 453 deorsum.
1382 400 1435 452 et
1469 398 1602 452 dixit
1627 398 1829 454 Achaz:
1867 415 1968 454 non
1992 402 2168 469 petam

275 499 368 536 nec
393 482 657 550 temptabo
683 482 965 535 Dominum
1008 483 1178 536 Deum
1219 500 1411 538 meum.
1451 486 1504 538 et
1548 484 1711 539 dixit:
1751 485 1928 540 audite
1971 486 2165 554 itaque,

275 569 457 622 domus
477 568 663 621 Dauid.
704 583 804 621 non
822 568 1074 636 pusillum
1094 569 1242 623 uobis
1268 571 1529 625 certamen
1554 586 1674 625 cum
1696 570 2010 637 hominibuS‚
2039 586 2167 640 quo-

275 655 417 708 niam
441 655 580 707 Deus
606 656 833 722 praestat
859 670 1090 725 agonem.
1131 658 1340 724 propter
1375 657 1471 711 hoc
1509 657 1658 711 dabit
1696 658 1837 712 Deus
1874 657 1984 726 ipse
2021 658 2169 712 uobis

275 739 507 808 signum:
549 754 663 792 ecce
688 738 836 807 uirgo
862 739 917 791 in
941 740 1088 793 utero
1115 739 1333 807 accipiet
1368 741 1422 793 et
1446 741 1614 809 pariet
1644 741 1814 795 filium
1831 784 1843 808 ‚
1885 744 1936 797 et
1961 743 2169 796 uocabis
2208 770 2227 802 ε,

277 841 462 879 nomen
498 826 607 878 eius
633 826 899 878 Emanuel.
957 826 1203 895 butyrum
1241 828 1293 880 et
1330 828 1436 880 mel
1474 828 1832 883 manducabit:
1871 830 2171 898 priusquam

277 912 548 981 cognoscat
597 912 687 964 aut
729 912 956 980 proferat
999 912 1161 977 mala,
1216 914 1483 967 conmutat
1525 914 1732 967 bonum.
1784 915 1874 968 Ho
1889 932 1917 968 c
1957 932 1980 969 s
1997 931 2173 969 emen

278 998 694 1068 praedixerat
732 999 902 1051 Deus
950 998 1022 1051 de
1076 998 1357 1052 muliere
1394 1000 1771 1067 procedere,
1832 1002 2000 1068 quod
2049 1001 2171 1054 cal-

280 1086 456 1138 caret
494 1087 684 1152 caput
724 1085 996 1138 diaboli.
1039 1085 1108 1137 In
1146 1084 1410 1138 Genesi:
1451 1086 1596 1140 Tunc
1633 1087 1766 1139 dixit
1791 1088 1929 1140 Deus
1955 1088 2020 1141 ad
2065 1103 2171 1141 ser-

279 1173 509 1240 pentem:
550 1172 668 1239 quia
692 1172 751 1223 tu
776 1171 870 1224 hoc
896 1170 1090 1236 fecisti,
1129 1171 1439 1225 maledictus
1474 1172 1533 1224 tu
1558 1173 1621 1225 ab
1649 1173 1788 1225 omni
1825 1188 2003 1240 pecore
2030 1174 2081 1226 et
2108 1173 2170 1226 ab
2204 1197 2245 1230 10

281 1259 420 1312 omni
446 1274 629 1328 genere
654 1258 940 1311 bestiarum
964 1259 1146 1311 terrae.
1175 1259 1379 1324 pectore
1404 1260 1495 1312 tuo
1524 1261 1576 1312 et
1602 1260 1781 1312 uentre
1800 1274 1971 1327 repeS,
2001 1259 2052 1311 et
2075 1258 2171 1311 erit

281 1346 380 1398 tibi
406 1347 544 1398 terra
569 1346 713 1398 cibus
738 1346 792 1397 in
818 1346 1055 1398 omnibus
1082 1346 1264 1398 diebus
1291 1346 1432 1399 uitae
1459 1349 1593 1400 tuae.
1638 1349 1688 1400 et
1717 1363 1905 1414 ponam
1943 1346 2170 1399 inimici-

283 1434 413 1486 tiam
439 1433 572 1486 inter
597 1433 649 1485 te
676 1433 726 1485 et
751 1433 1023 1486 mulierem
1050 1434 1101 1486 et
1126 1434 1260 1486 inter
1281 1449 1454 1486 semen
1473 1435 1626 1488 tuum
1647 1435 1698 1486 et
1718 1449 1890 1486 semen
1910 1433 2034 1485 eius
2064 1433 2172 1499 ipse

284 1522 434 1572 tuum
461 1520 681 1572 calcabit
708 1520 860 1586 caput
886 1522 937 1572 et
963 1520 1022 1571 tu
1047 1520 1342 1572 obseruabis
1371 1521 1668 1573 calcaneum
1696 1521 1822 1573 eius

286 1649 449 1714 Qvon
507 1664 577 1701 ET
634 1663 797 1701 HOMO
852 1665 924 1701 ET
981 1663 1129 1702 DEvs
1181 1664 1453 1702 CHRISTvs
1504 1665 1581 1702 Ex
1629 1664 1897 1712 VTROQVE
1946 1663 2175 1701 GENERE
2195 1678 2232 1710 15

288 1750 644 1799 CONCRETVS,
676 1751 748 1787 VT
775 1750 1076 1788 MEDIATOR
1101 1749 1233 1788 EssE
1260 1752 1435 1788 INTER
1461 1750 1568 1789 Nos
1596 1752 1666 1787 ET
1696 1750 1927 1788 PATREM
1954 1747 2177 1786 POSSET.

207 1848 271 1899 ιο
364 1837 546 1905 Apud
572 1837 966 1889 Hieremiam
1003 1837 1412 1905 prophetam:
1454 1837 1520 1889 Et
1545 1837 1694 1889 homo
1723 1838 1829 1900 est,
1878 1837 1928 1889 et
1954 1836 2069 1903 quis
2096 1850 2179 1888 co-

290 1926 500 1992 gnoscet
526 1926 685 1976 eum?
723 1924 892 1975 Item
928 1924 995 1975 in
1031 1923 1370 1975 Numeris:
1412 1921 1618 1975 Orietur
1645 1923 1799 1975 stella
1837 1938 1896 1975 ex
1934 1921 2085 1974 Iacob
2125 1922 2175 1973 et

294 2012 508 2078 exurget
533 2010 683 2061 homo
711 2025 768 2061 ex
795 2009 970 2062 Israel.
1012 2009 1181 2060 Item
1218 2009 1331 2060 illi
1350 2025 1401 2062 c:
1442 2008 1691 2061 Procedet
1716 2009 1867 2061 homo
1896 2008 1957 2060 de
1986 2007 2177 2061 semine

295 2098 405 2150 eius
449 2097 500 2149 et
545 2096 898 2149 dominabitur
923 2094 1210 2147 multarum
1237 2095 1501 2163 gentium,
1542 2095 1593 2146 et
1619 2094 1933 2147 exaltabitur
1959 2095 1995 2160 ἦ·
2023 2109 2179 2161 quam
2195 2119 2237 2152 20

463 2253 488 2295 9
521 2252 625 2296 Gen.
651 2252 694 2306 3,
719 2252 773 2295 14
794 2264 856 2307 sq.
949 2250 1007 2296 17
1040 2250 1158 2294 Hier.
1186 2252 1251 2303 17,
1274 2251 1313 2294 9.
1405 2250 1459 2292 18
1490 2250 1623 2293 Num.
1646 2250 1715 2300 24,
1737 2250 1789 2293 17
1814 2251 1859 2292 et
1881 2249 1904 2291 7
1929 2262 1991 2304 sq.

386 2382 410 2424 1
443 2394 614 2423 sursum
638 2381 708 2423 Lv
836 2393 990 2422 susum
1011 2380 1058 2422 in
1081 2378 1369 2422 altitudinem
1391 2391 1474 2422 om.
1498 2380 1543 2422 Β
1688 2377 1934 2421 altitudine
1954 2377 2014 2420 M
2127 2376 2182 2420 ad

294 2453 443 2496 Achaz
465 2453 509 2494 A
547 2451 591 2507 (d
614 2457 656 2495 et
678 2467 697 2494 z
721 2451 826 2495 add.
854 2466 908 2495 m.
932 2452 1000 2508 2),
1034 2451 1167 2494 achas
1189 2450 1250 2492 M
1388 2451 1418 2495 2
1450 2451 1544 2506 nec]
1582 2452 1627 2493 et
1661 2463 1748 2493 non
1779 2449 1850 2493 Βυ
1986 2447 2136 2491 audite
2156 2462 2183 2492 v

294 2520 538 2581 (ἀκούσατε
561 2521 619 2579 δή
644 2524 826 2580 LXX),
858 2522 963 2566 audi
984 2522 1181 2565 ALMB
1307 2522 1459 2577 itaque
1488 2523 1546 2565 M
1565 2522 1633 2565 ita
1654 2522 1706 2565 in
1727 2535 1816 2565 ras.
1966 2520 1995 2565 3
2028 2518 2177 2574 dauid]

296 2597 419 2640 iacob
431 2597 535 2640 ΜΒ
623 2595 928 2651 pussillumA,
949 2594 1164 2650 pusillum
1186 2593 1385 2636 eritMB
1471 2593 1655 2637 nobisA
1743 2593 1773 2640 5
1805 2594 1931 2636 utero
1949 2591 2180 2642 AMBL²‚

298 2671 470 2712 uterum
492 2668 590 2710 L²v
705 2666 883 2709 uocabis
905 2666 978 2717 M,
1011 2665 1190 2708 uocabit
1211 2666 1276 2717 A,
1310 2665 1532 2708 uocabitis
1555 2665 1674 2709 LBv
1687 2681 1699 2716 3
1730 2667 1934 2713 καλέσεις
1955 2663 2100 2707 LXX

298 2741 327 2786 6
360 2739 639 2784 emmanuhel
660 2739 771 2790 AL,
803 2738 942 2780 iesum
964 2738 1025 2780 M
1107 2737 1318 2780 buturum
1339 2737 1404 2780 A*
1494 2736 1523 2782 7
1555 2737 1647 2792 aut]
1672 2738 1723 2779 ut
1743 2750 1769 2779 v
1871 2736 2079 2792 properat
2101 2734 2179 2786 121,

299 2813 517 2869 praeferat
537 2825 583 2863 ‘03
618 2813 897 2866 προελέσθαι
919 2809 1063 2852 LXX
1147 2810 1376 2851 conmutat
1396 2808 1508 2859 AB,
1546 2809 1799 2851 conmutate
1821 2807 1893 2859 L,
1925 2807 2182 2850 commottet

299 2885 378 2937 M,
431 2884 698 2927 commutato
726 2882 769 2925 V
795 2881 1071 2937 (priusquam
1091 2880 1206 2923 sciat
1235 2879 1469 2935 reprobare
1501 2879 1667 2922 malum
1691 2881 1738 2922 et
1766 2879 1927 2934 eligere
1957 2878 2119 2921 bonum
2140 2892 2181 2932 v,

300 2957 556 3013 priusquam
592 2955 848 3010 cognoscat,
881 2954 933 2995 ut
968 2951 1191 3008 praeferat
1226 2952 1367 3003 mala,
1400 2950 1693 2994 commutabit
1728 2949 1892 2993 bonum
1931 2948 2097 3005 Omen.)

298 3029 326 3072 8
357 3027 584 3083 procedere
621 3040 700 3069 om.
726 3026 771 3067 A
888 3024 916 3069 9
951 3025 1084 3079 caput
1119 3035 1199 3066 om.
1224 3024 1268 3066 B
1376 3022 1442 3084 ,10
1473 3035 1625 3078 pecore
1661 3023 1706 3064 et
1741 3021 1795 3064 ab
1825 3022 1944 3063 omni
1966 3033 2047 3064 om.
2070 3033 2097 3063 υ

301 3100 354 3142 11
385 3098 642 3142 bestiarum.
667 3097 825 3145 Terra,⁶
845 3096 902 3139 M
922 3097 963 3150 (e
985 3095 1121 3151 eras.)
1209 3095 1326 3150 repis
1349 3094 1394 3137 A
1483 3094 1537 3137 12
1568 3094 1615 3136 in
1635 3106 1715 3136 om.
1741 3092 1803 3135 M
1904 3092 1957 3135 13
1987 3093 2116 3134 tuum
2137 3092 2182 3134 et

301 3170 463 3225 semen]
486 3171 614 3212 tuum
636 3171 680 3211 et
702 3168 818 3211 inter
841 3180 987 3210 semen
1013 3166 1087 3218 M,
1111 3179 1192 3209 om.
1216 3180 1242 3209 v
1330 3166 1428 3221 ipsa
1448 3165 1507 3208 M
1593 3164 1648 3207 14
1678 3163 1871 3207 calcauit
1891 3162 2004 3215 AB,
2034 3162 2180 3205 obser-

298 3242 427 3285 uabit
447 3241 510 3292 L,
539 3239 796 3283 Obseruauit
817 3238 880 3281 M
883 3256 894 3291 ;
926 3238 983 3292 cf.
1009 3242 1161 3281 tamen
1182 3237 1337 3280 LXX
1460 3236 1515 3279 16
1545 3237 1798 3278 concreatus
1821 3235 1864 3277 A
1967 3234 2034 3290 ut]
2058 3234 2104 3277 et
2125 3232 2186 3275 M

300 3315 353 3357 i‘n
373 3326 462 3356 ras.
484 3326 540 3356 m.
563 3313 596 3355 2
714 3310 765 3353 17
798 3308 1057 3353 hieremiam
1076 3307 1295 3364 profetam
1315 3309 1381 3360 A,
1412 3308 1668 3351 hieremiam
1681 3306 1774 3358 Lv,
1806 3305 2050 3349 hieremian
2070 3304 2179 3348 dicit

300 3385 403 3427 ΜΒ
498 3382 725 3439 cognoscit
745 3381 802 3424 M
918 3381 971 3423 19
1003 3382 1157 3436 surget
1179 3380 1238 3423 M
1318 3379 1413 3423 illic
1433 3393 1516 3423 om.
1537 3379 1583 3421 A
1671 3376 1867 3434 procedit
1888 3377 1934 3420 A
2048 3375 2106 3419 20
2134 3378 2180 3418 et

300 3469 380 3499 om.
406 3455 466 3498 M
579 3454 822 3496 multorum
843 3452 886 3495 A
976 3464 1109 3507 quam
1127 3451 1285 3504 ALB,
1316 3452 1533 3507 tanquam
1559 3462 1731 3506 gygans
1753 3448 1814 3492 M
1828 3462 1861 3493 s.
1886 3448 1912 3492 l.
1936 3461 1991 3492 m.
2016 3450 2057 3501 2,
2080 3449 2179 3490 tan-

302 3540 435 3582 quam
457 3540 481 3570 v
