2332 3978
317 304 423 358 422
963 298 1207 344 Caecilii
1238 297 1509 354 Cypriani

319 434 646 504 cogitaretur.
689 432 876 484 iniuste
920 446 1188 499 oppressus
1234 431 1313 483 est
1357 429 1446 496 qui
1485 427 1743 480 iustitiam
1787 427 1987 495 primus
2028 430 2202 482 osten·
2281 473 2287 479 .

323 521 490 584 derat,
530 519 646 573 odia
671 532 940 587 perpessus
986 518 1064 569 est
1107 517 1195 583 qui
1238 515 1407 568 odisse
1451 529 1552 567 non
1595 514 1834 580 nouerat,
1873 514 2071 568 occisus
2118 517 2200 568 est
2284 555 2288 558 -

320 606 478 674 impie
499 605 587 672 qui
607 605 827 658 moriens
853 618 952 656 non
978 602 1310 672 repugnabat.
1352 602 1405 653 et
1431 601 1567 668 quod
1592 601 1729 653 Esau
1755 600 1905 654 fratri
1931 616 2023 654 suo
2048 601 2200 656 Iacob

323 693 563 745 inimicus
609 691 783 744 extitit
828 690 965 742 zelus
1009 689 1139 742 fuit:
1179 704 1298 740 nam
1335 686 1457 754 quia
1482 687 1573 739 ille
1599 687 2012 741 benedictionem
2036 689 2203 758 patris

322 779 606 846 acceperat,
646 778 731 830 hic
769 777 822 829 in
860 776 1037 828 odium
1063 773 1435 853 persecutionis
1460 772 1661 827 facibus
1687 774 1869 827 liuoris
1896 776 2102 829 exarsit.
2153 777 2205 829 et
2241 799 2260 832 ⁵
2303 790 2307 849 ᾗ

325 866 460 932 quod
484 864 667 931 Ioseph
694 865 878 916 fratres
905 863 986 914 sui
1012 861 1386 924 uendiderunt,
1427 876 1579 914 causa
1604 862 1860 914 uendendi
1886 863 1948 914 de
1975 863 2204 916 aemula-

324 952 460 1003 tione
488 949 773 1003 descendit:
813 949 1086 1016 postquam
1114 948 1166 1000 id
1193 948 1328 1014 quod
1355 947 1455 1000 sibi
1480 948 1535 1000 in
1576 948 1864 1002 uisionibus
1902 964 2206 1018 prosperum

326 1039 495 1090 fuerat
532 1039 790 1096 ostensum
834 1035 1143 1103 simpliciter
1169 1036 1229 1087 ut
1255 1034 1504 1087 fratribus
1531 1035 1693 1088 frater
1727 1036 1987 1103 exposuit,
2028 1036 2086 1088 in
2123 1036 2206 1089 in-

327 1125 523 1176 uidiam
569 1124 845 1176 maliuolus
891 1123 1094 1174 animus
1142 1122 1325 1188 erupit.
1387 1121 1510 1175 Saul
1555 1137 1755 1190 quoque
1799 1139 1886 1175 rex
1931 1125 1991 1176 1113
2033 1124 2206 1177 Dauid

326 1213 542 1273 odisset,
584 1213 641 1262 ut
666 1209 1102 1277 persecutionibus
1149 1224 1297 1276 saepe
1337 1209 1572 1276 repetitis
1616 1211 1956 1275 innocentem,
2002 1211 2266 1264 miseri-10
2316 1204 2332 1302 ξ

327 1299 554 1359 cordem,
614 1297 732 1349 miti
779 1297 995 1349 lenitate
1040 1296 1327 1364 patientem
1372 1312 1550 1349 necare
1595 1299 1829 1365 cuperet,
1895 1298 2018 1366 quid
2064 1297 2207 1351 aliud

329 1400 481 1450 quam
527 1384 622 1436 zeli
668 1383 912 1435 stimulus
959 1383 1297 1450 prouocauit?
1354 1383 1475 1450 quia
1502 1382 1713 1436 Goliath
1740 1385 2012 1438 interfecto
2039 1387 2090 1438 et
2115 1400 2208 1452 ope

326 1486 383 1522 ac
425 1470 721 1539 dignatione
769 1469 945 1521 diuina
991 1470 1136 1521 tanto
1181 1470 1327 1522 hoste
1374 1469 1541 1523 deleto
1587 1471 1807 1538 populus
1852 1472 2110 1524 admirans
2154 1474 2209 1526 in

328 1560 503 1610 laudes
542 1558 713 1610 Dauid
752 1558 1152 1625 praedicationis
1192 1558 1438 1627 suffragio
1477 1559 1728 1625 prosiliit,
1771 1559 1894 1612 Saul
1922 1561 2208 1614 simultatis

328 1646 489 1712 adque
515 1644 865 1697 insectationis
891 1643 1052 1696 furias
1092 1645 1153 1696 de
1191 1644 1354 1697 liuore
1394 1646 1639 1714 concepit.
1682 1648 1732 1698 et
1769 1663 1831 1699 ne
1869 1647 2083 1716 longum
2131 1647 2209 1700 fa·
2226 1667 2265 1697 15

329 1732 461 1784 ciam
488 1731 716 1799 singulos
743 1731 1077 1794 recensendo,
1137 1731 1398 1798 pereuntis
1445 1733 1603 1785 semel
1644 1734 1823 1802 populi
1869 1735 2210 1788 adtendamus

329 1818 615 1870 interitum.
676 1818 853 1870 Iudaei
899 1834 1064 1870 nonne
1111 1816 1228 1870 inde
1272 1819 1560 1886 perierunt,
1621 1821 1745 1873 dum
1774 1819 1979 1875 Christo
2007 1822 2210 1875 malunt

328 1905 558 1959 inuidere
585 1920 740 1972 quam
768 1905 1006 1957 credere?
1046 1905 1391 1958 obtrectantes
1419 1907 1751 1975 magnalibus
1780 1924 1907 1974 quae
1933 1908 2022 1960 ille
2048 1909 2204 1962 facie—

327 1992 418 2043 bat
464 1991 567 2044 zelo
612 1993 910 2044 excaecante
956 1992 1154 2059 decepti
1195 1995 1315 2044 sunt
1353 2009 1442 2045 nec
1471 1995 1535 2046 ad
1564 1994 1741 2046 diuina
1768 1996 2018 2048 noscenda
2045 1996 2210 2049 cordis

329 2078 499 2130 oculos
527 2078 720 2145 aperire
747 2079 1039 2146 potuerunt.
2225 2098 2267 2130 20

281 2163 311 2211 6
403 2163 541 2228 Quae
567 2182 703 2217 nunc
732 2165 1135 2229 consideranteS,
1179 2166 1366 2219 fratres
1394 2167 1749 2230 dilectissimi,
1793 2171 1970 2221 contra
1996 2170 2201 2222 tantam

330 2250 453 2302 mali
493 2251 768 2317 perniciem
809 2253 1090 2320 uigilanter
1128 2255 1179 2305 et
1215 2253 1420 2305 fortiter
1448 2253 1617 2306 dicata
1642 2255 1748 2306 Deo
1774 2257 1981 2323 pectora
2006 2256 2210 2308 munia-

328 2353 458 2388 mus
514 2339 733 2390 aliorum
760 2356 896 2392 mors
924 2341 1158 2407 proficiat
1183 2342 1247 2393 ad
1273 2342 1501 2393 nostram
1527 2342 1779 2405 salutem,
1820 2342 2210 2409 inprudentium

328 2439 487 2488 poena
513 2426 905 2491 prouidentibus
933 2427 1159 2480 conferat
1185 2428 1478 2480 sanitatem.
1518 2443 1617 2481 non
1643 2429 1720 2480 est
1746 2429 1923 2481 autem
1950 2429 2085 2495 quod
2112 2429 2211 2481 ali-

330 2508 443 2574 quis
471 2511 731 2564 existimet
758 2514 957 2565 malum
993 2514 1136 2566 istud
1180 2532 1280 2567 una
1325 2515 1492 2581 specie
1538 2514 1787 2567 contineri
1831 2516 1922 2566 aut
1966 2515 2212 2568 breuibus
2228 2534 2270 2566 25

328 2596 562 2648 terminis
601 2598 651 2648 et
691 2601 909 2667 angusto
937 2599 1036 2652 fine
1076 2600 1325 2653 concludi.
1368 2602 1474 2654 late
1518 2602 1663 2668 patet
1708 2601 1802 2653 zeli
1841 2602 2116 2669 multiplex
2162 2603 2214 2654 et

331 2679 546 2735 fecunda
583 2685 845 2750 pernicies
887 2686 1033 2738 radix
1079 2688 1157 2739 est
1202 2687 1460 2739 malorum
1506 2688 1763 2751 omnium,
1806 2687 1917 2741 fons
1965 2688 2210 2750 cladium,

329 2770 662 2821 seminarium
701 2771 1033 2835 delictorum,
1075 2773 1291 2825 materia
1332 2774 1614 2839 culparum.
1654 2774 1772 2826 inde
1811 2774 1987 2827 odium
2027 2775 2210 2843 surgit,

415 3002 441 3042 3
474 3015 549 3042 suo
571 3001 618 3043 D
639 3016 670 3043 s.
692 3001 717 3044 l.
742 3015 797 3044 m.
815 3004 847 3044 2
955 3003 982 3045 5
1013 3002 1086 3046 hic
1109 3016 1165 3045 em
1186 3001 1291 3045 hinc
1313 3002 1374 3044 M
1389 3016 1445 3045 m.
1463 3005 1495 3045 2
1603 3001 1808 3046 faucibus
1829 3003 1888 3046 M
2003 3003 2029 3046 6
2061 3002 2213 3046 uendi-

329 3070 504 3127 derunt]
530 3072 767 3116 uinderunt
789 3073 838 3116 D
953 3075 980 3118 s
1011 3074 1058 3117 in
1080 3074 1237 3118 Ms.z.
1262 3078 1386 3127 ms,
1420 3088 1501 3118 om.
1524 3075 1572 3118 D
1656 3064 1852 3118 'inuidia
1876 3074 1954 3118 M¹
2044 3075 2097 3118 11
2130 3074 2212 3117 mi-

330 3144 421 3185 tem
442 3157 468 3186 v
583 3145 819 3188 lenitatem
841 3147 901 3190 Μ
908 3147 919 3168 ¹
1054 3159 1208 3189 necare
1231 3160 1287 3189 em
1307 3148 1491 3202 negaret
1512 3146 1560 3190 D
1579 3161 1635 3190 m.
1654 3148 1687 3191 2
1817 3149 2027 3202 cuperent
2048 3147 2108 3191 M
2114 3149 2126 3169 ¹

332 3214 386 3256 12
417 3215 568 3269 golian
591 3216 654 3267 B,
688 3217 810 3272 golia
830 3218 907 3269 M,
930 3218 1082 3273 goliad
1103 3232 1130 3262 v
1219 3217 1289 3260 dei
1311 3231 1390 3273 ope
1413 3219 1477 3262 W
1563 3220 1619 3262 14
1650 3218 1881 3273 prosiliuit
1901 3219 1947 3262 B
2035 3218 2090 3262 15
2113 3232 2214 3262 con-

331 3286 449 3340 cepit
470 3287 515 3329 et
537 3288 725 3342 pertulit
748 3289 809 3332 W
898 3291 942 3332 013
963 3303 1044 3333 om.
1071 3290 1152 3334 W·
1234 3291 1289 3333 16
1321 3291 1499 3346 singula
1519 3291 1568 3333 D
1655 3289 1969 3334 recensendum
1985 3290 2068 3342 D¹,
2091 3303 2216 3346 rege-

329 3358 518 3401 nerando
537 3359 592 3412 B,
618 3361 883 3404 accensendo
913 3361 1058 3405 Oaeon.
1151 3361 1287 3405 semel
1311 3362 1497 3413 WMB,
1522 3362 1656 3405 simul
1676 3361 1725 3404 D
1746 3366 1789 3404 et
1809 3362 1861 3405 in
1882 3362 2093 3418 maryi‘ne
2110 3360 2215 3415 W²,·

329 3428 387 3481 cf.
406 3443 452 3483 p.
472 3431 573 3481 215,
597 3434 658 3475 22
747 3433 801 3475 18
834 3447 965 3487 quam
988 3447 1046 3476 ex
1066 3434 1183 3490 quod
1203 3433 1252 3476 D
1272 3447 1327 3476 m.
1351 3436 1383 3476 2
1474 3434 1528 3477 19
1559 3435 1653 3490 1100]
1677 3448 1731 3476 110
1751 3434 1815 3478 M
1895 3434 1951 3476 21
1983 3434 2115 3490 1111110]
2138 3446 2217 3480 nos

337 3499 424 3543 Wv
539 3503 595 3546 22
626 3505 685 3560 et]
710 3518 758 3548 ac
781 3506 843 3549 M
956 3491 1111 3549 (1ῧῦ
1214 3506 1406 3561 pectora]
1431 3507 1477 3547 et
1498 3507 1710 3561 uegetata
1729 3506 1909 3561 pectora
1929 3506 2083 3547 nostra
2105 3518 2131 3548 v

331 3570 386 3613 24
418 3573 706 3627 prudentibus
736 3577 778 3619 V
909 3578 965 3620 25
997 3578 1137 3621 istum
1158 3577 1206 3621 D
1322 3576 1502 3620 breuius
1523 3577 1571 3620 D
1687 3577 1741 3621 27
1775 3575 1965 3620 facunda
1987 3576 2032 3619 B
2148 3578 2218 3619 est

329 3642 446 3685 enim
473 3646 510 3687 B
596 3648 792 3691 omnium
814 3649 1031 3692 malorum
1052 3664 1078 3694 0·
1167 3648 1368 3705 gladium
1390 3648 1501 3692 DM
