2332 3978
731 276 750 294 ,
810 244 885 288 De
916 244 1100 300 lapsis
1132 256 1166 286 c.
1198 244 1326 287 4—-7,
1894 247 1996 300 241

121 375 318 430 uincias
367 375 659 427 oberrantes
703 371 1068 442 negotiationis
1113 374 1418 439 quaetuosae
1452 372 1704 427 nundinas
1737 375 1999 441 aucupari,

122 459 463 515 esurientibus
489 459 542 512 in
569 458 780 511 ecclesia
817 457 1064 511 fratribus
1089 458 1275 511 habere
1301 459 1572 527 argentum
1605 458 1821 528 largiter
1844 460 1997 522 uelle,

124 546 306 600 fundos
332 544 590 598 insidiosis
616 544 883 598 fraudibus
907 558 1100 610 rapere,
1127 543 1297 595 usuris
1322 543 1797 610 multiplicantibus
1822 545 1998 598 faenus

121 647 323 701 augere.
378 630 501 698 quid
550 645 649 683 non
698 629 894 697 perpeti
942 628 1073 681 tales
1122 643 1212 696 pro
1262 628 1484 697 peccatis
1534 628 1783 682 eiusmodi
1834 646 2000 684 mere-

23 782 26 786 s
51 751 83 784 ,5
120 733 316 780 remur,
356 732 473 769 cum
511 715 618 768 iam
643 715 843 783 pridem
867 713 1245 783 praemonuerit
1270 729 1328 766 ac
1353 713 1541 766 dixerit
1567 729 1776 767 censura
1801 715 2001 769 diuina:

121 804 174 857 si
213 801 688 869 dereliquerint
725 800 931 869 legem
966 814 1163 852 meam
1201 800 1262 852 et
1297 799 1360 851 in
1397 799 1671 852 iudiciis
1705 801 1860 854 meis
1885 817 2002 855 non

121 888 638 951 ambulauerint‚
707 886 764 938 si
819 885 1342 938 iustificationes
1400 901 1568 939 meas
1624 886 2003 954 profanaue-

121 975 255 1028 rint
321 974 382 1026 et
444 974 788 1041 praecepta
861 987 994 1025 mea
1058 986 1178 1024 non
1243 971 1741 1039 obseruauerint
1762 1014 1775 1038 ‚
1847 974 2003 1026 uisi-

121 1061 267 1114 tabo
316 1060 380 1112 in
417 1060 604 1128 uirga
640 1058 931 1112 facinora
969 1073 1183 1110 eorum
1222 1058 1282 1110 et
1319 1058 1383 1110 in
1421 1057 1721 1127 flagellis
1760 1058 2003 1113 delicta

63 1177 106 1210 ιο
122 1163 150 1200 θ
161 1163 188 1200 Ο
200 1164 226 1200 Υ
236 1164 270 1199 U
281 1163 350 1199 m.

193 1232 562 1285 Praenuntiata
599 1233 723 1284 sunt
759 1230 860 1284 ista
895 1231 1041 1284 nobis
1081 1232 1133 1284 et
1158 1232 1276 1284 ante
1300 1231 1580 1298 praedicta.
1622 1232 1710 1285 sed
1735 1247 1824 1284 nos
1850 1232 2001 1285 datae
2021 1242 2050 1292 7

120 1318 254 1387 legis
291 1318 342 1369 et
379 1316 748 1370 obseruationis
786 1317 1092 1370 inmemores
1130 1317 1184 1369 id
1221 1317 1423 1385 egimus
1461 1333 1553 1385 per
1576 1319 1752 1371 nostra
1775 1318 2000 1385 peccata,

121 1406 182 1457 ut
208 1404 332 1456 dum
367 1402 578 1456 Domini
610 1403 855 1456 mandata
890 1402 1266 1456 contemnimus
1306 1403 1371 1456 ad
1408 1403 1778 1471 correptionem
1823 1403 2001 1457 delicti

122 1491 175 1542 et
199 1489 551 1556 probationem
577 1489 696 1542 fidei
723 1489 968 1542 remediis
994 1488 1333 1541 seuerioribus
1360 1489 1676 1553 ueniremuS‚
1704 1505 1796 1543 nec
1821 1490 2000 1543 saltim

62 1596 103 1630 15
120 1575 206 1628 uel
226 1589 334 1627 sero
358 1574 587 1628 conuersi
607 1574 671 1627 ad
686 1574 897 1628 Domini
916 1574 1159 1627 timorem
1181 1590 1376 1637 sumus,
1404 1576 1463 1627 ut
1482 1575 1611 1628 hanc
1630 1575 2001 1642 correptionem

120 1662 350 1714 nostram
375 1660 828 1727 probationemque
855 1660 1087 1713 diuinam
1112 1660 1368 1727 patienter
1394 1661 1445 1713 et
1471 1660 1675 1714 fortiter
1694 1661 1997 1714 subiremus

122 1746 187 1799 ad
223 1746 391 1813 prima
428 1746 607 1799 statim
647 1745 804 1799 uerba
841 1746 1088 1799 minantis
1126 1746 1325 1799 inimici
1364 1746 1621 1799 maximus
1659 1746 1879 1800 fratrum
1903 1764 2000 1801 nu-

120 1847 292 1885 merus
318 1831 473 1884 fidem
499 1847 647 1884 suam
683 1832 911 1899 prodidit
947 1847 1039 1885 nec
1074 1833 1362 1899 prostratus
1401 1834 1479 1886 est
1515 1833 1882 1899 persecutionis
1919 1834 2000 1886 in-

120 1919 261 1987 petu,
288 1917 376 1970 sed
401 1917 690 1970 uoluntario
716 1918 865 1986 lapsu
892 1933 946 1970 se
971 1918 1081 1985 ipse
1101 1918 1399 1984 prostrauit.
1427 1919 1550 1985 quid
1577 1934 1661 1970 oro
1687 1919 1998 1980 inauditum,

64 2004 247 2072 20quid
283 2018 475 2072 nouum
512 2004 748 2067 uenerat,
788 2005 848 2055 ut
885 2004 1031 2057 uelut
1055 2004 1330 2072 incognitis
1357 2005 1521 2071 adque
1546 2005 1822 2072 inopinatis
1848 2006 2001 2059 rebus

122 2090 310 2143 exortis
358 2088 552 2142 Christi
597 2091 974 2143 sacramentum
1018 2091 1309 2143 temeritate
1363 2091 1635 2158 praecipiti
1681 2092 2001 2144 solueretur?

121 2190 283 2229 nonne
325 2176 450 2228 haec
491 2176 543 2228 et
584 2176 861 2242 prophetae
907 2177 1024 2229 ante
1050 2177 1101 2228 et
1127 2176 1344 2243 apostoli
1370 2178 1700 2244 postmodum
1725 2177 2000 2231 nuntiaue-

31 2255 35 2258 ’
122 2263 278 2314 runt?
314 2276 478 2314 nonne
521 2262 777 2315 iustorum
819 2277 1081 2329 pressuras
1127 2263 1179 2315 et
1222 2263 1499 2331 gentilium
1541 2280 1741 2331 semper
1783 2264 2002 2317 iniurias

122 2347 262 2415 pleni
287 2348 460 2399 sancto
488 2345 685 2414 Spiritu
711 2348 1174 2414 praedicauerunt‘?
1211 2365 1374 2402 nonne
1407 2349 1563 2402 fidem
1600 2351 1829 2403 nostram
1865 2366 2000 2403 sem-

65 2455 107 2489 15
122 2448 212 2500 per
237 2448 439 2485 armans
466 2433 517 2484 et
541 2433 637 2485 Dei
662 2447 835 2485 seruos
861 2433 1071 2486 caelesti
1097 2449 1219 2486 uoce
1246 2435 1572 2488 corroborans
1599 2436 1727 2489 dicit
1747 2438 1998 2503 scriptura

124 2518 325 2571 diuina:
382 2518 726 2572 Dominum
764 2519 960 2571 Deum
1014 2519 1193 2571 tuum
1233 2520 1542 2574 adorabis
1596 2523 1656 2574 et
1710 2522 1819 2574 illi
1877 2523 2001 2574 soli

124 2604 408 2657 seruies?
444 2619 606 2657 nonne
632 2603 763 2656 iram
799 2603 1007 2658 diuinae
1044 2605 1414 2674 indignationis
1442 2608 1710 2662 ostendens
1738 2610 1789 2662 et
1815 2624 2002 2675 poenae

292 2760 318 2802 6
349 2759 419 2803 Ps.
445 2759 520 2815 88,
542 2761 596 2804 31
619 2774 682 2817 sq.
772 2760 828 2803 26
858 2761 990 2804 Deut.
1013 2762 1053 2813 6,
1076 2762 1142 2804 13.

208 2901 233 2943 1
263 2901 586 2957 negotiationes
607 2901 646 2946 S
652 2906 661 2929 ¹
798 2906 1059 2959 quaestuose
1077 2904 1115 2948 S
1123 2909 1130 2931 ¹
1150 2938 1160 2957 ‚
1194 2906 1529 2960 quaestudiosos
1552 2907 1598 2951 R
1726 2907 1755 2950 2
1784 2907 2000 2950 fratribus

53 2995 57 2999 -
122 2982 209 3013 non
229 2971 462 3016 subuenire
483 2986 540 3017 eoe
560 2977 597 3017 1.
621 2973 716 3017 cod.
738 2976 910 3030 ‘recepit
930 2975 1168 3019 Pamelius
1311 2978 1338 3020 3
1369 2977 1605 3021 inuidiosis
1629 2979 1667 3022 S
1807 2979 1837 3022 4
1866 2979 1998 3023 huius

122 3041 239 3085 modi
260 3042 305 3087 R
390 3056 630 3087 merremur
655 3046 736 3090 W¹
833 3046 860 3088 6
891 3046 1244 3102 derelinquerint
1269 3049 1377 3094 WR
1466 3050 1491 3092 7
1522 3049 1856 3094 iustificationis
1879 3050 1919 3093 S

121 3111 149 3155 8
169 3125 264 3156 mea
285 3127 364 3158 om.
377 3115 433 3160 W
522 3116 856 3160 obseruauerint
873 3117 1080 3170 SWRV,
1104 3121 1383 3163 seruauerint
1402 3135 1430 3165 υ
1518 3122 1572 3164 11
1593 3122 1700 3164 data
1721 3122 1853 3178 eligis
1870 3122 1916 3166 R

122 3182 177 3226 13
197 3186 515 3241 correptionem
527 3186 621 3239 SR,
633 3189 942 3232 correctionem
953 3190 1033 3234 Wv
1107 3191 1162 3234 14
1176 3192 1497 3249 probationem]
1507 3193 1867 3248 prouocationem
1880 3193 1917 3235 S

126 3253 284 3298 saltem
306 3255 368 3300 Sv
454 3257 509 3300 15
539 3258 612 3302 uel
633 3271 713 3302 om.
740 3260 891 3315 WRv;
924 3261 986 3314 cf.
1009 3261 1064 3304 de
1085 3262 1202 3306 bono
1215 3268 1318 3318 pat.
1340 3277 1376 3307 c.
1396 3267 1425 3307 4
1511 3264 1829 3308 correctionem
1854 3265 1918 3308 W

124 3324 178 3367 17
198 3325 365 3381 primas
379 3326 417 3371 S
423 3331 433 3354 ¹
519 3328 576 3371 18
594 3342 673 3372 1166
692 3331 1104 3387 persequutionisR
1191 3334 1245 3377 19
1269 3347 1313 3377 se
1329 3336 1439 3379 Ws.
1456 3335 1484 3378 l.
1502 3349 1559 3378 m.
1577 3338 1606 3379 2
1691 3335 1749 3378 20
1767 3335 1911 3378 11611111
1919 3336 1997 3387 W,

124 3395 249 3439 uelut
265 3409 320 3440 ex
336 3398 409 3441 uel
426 3398 464 3442 S
475 3413 532 3442 m.
543 3402 574 3443 2
658 3401 713 3448 21
735 3403 923 3446 extortis
936 3403 980 3448 R
1059 3404 1349 3461 praecipitem
1363 3405 1400 3449 S
1407 3411 1415 3432 ¹
1511 3406 1569 3450 24
1589 3407 1748 3462 11011116]
1766 3420 1850 3449 non
1863 3406 1909 3450 R

123 3464 180 3510 25
209 3466 296 3524 dei]
319 3468 375 3512 ad
395 3468 465 3512 dei
487 3469 532 3514 R
619 3471 674 3515 26
703 3472 791 3529 1111]
814 3473 903 3528 ipsi
931 3475 970 3518 V
1058 3475 1114 3518 27
1145 3488 1307 3530 poenae
1329 3479 1450 3519 metu
1473 3477 1512 3520 S
1518 3479 1528 3504 ¹
1546 3511 1557 3529 ,
1588 3491 1726 3533 paene
1747 3480 1843 3521 tum
1866 3478 1912 3537 R

292 3556 375 3593 111.
1256 3601 1259 3602 ⁷
1590 3551 1656 3602 16
