2332 3978
650 256 956 314 Epistulae
986 257 1172 303 XXXI.
1205 271 1240 304 c.
1273 261 1398 305 1—4.
1850 266 1956 320 559

20 390 73 459 3
153 387 289 454 Quid
335 386 473 440 enim
520 386 792 454 gloriosius
841 385 1030 454 quidue
1079 387 1283 442 felicius
1328 390 1426 443 ulli
1464 391 1728 445 hominum
1767 393 1957 460 poterit
1974 390 2004 441 3

27 467 53 551 Ξὲ·
81 492 141 538 ex
163 473 341 529 diuina
377 472 674 542 dignatione
713 473 1006 543 contingere
1044 489 1200 541 quam
1237 474 1373 528 inter
1409 477 1546 544 ipsos
1583 478 1841 532 carnifices
1876 480 1956 532 in-

0 579 2 581 ,
26 551 52 579 ’ἰᾷ

29 581 47 612 «gs

36 620 51 631 ..

0 867 42 896 ,Α

0 899 51 917 Ἴ,

0 917 49 970 5
79 904 278 960 caelum
323 903 530 972 petisse,
579 919 736 971 quam
783 903 999 957 desertis
1047 904 1344 959 hominibus
1382 905 1519 958 inter
1555 906 1765 975 angelos
1804 907 1955 971 stare,

78 1006 232 1060 quam
277 989 642 1058 inpedimentis
690 990 927 1043 omnibus
975 991 1323 1044 saecularibus
1370 991 1538 1060 ruptis
1585 992 1640 1044 in
1686 995 1957 1060 conspectu

10 1095 43 1110 ··
76 1076 173 1131 Dei
218 1076 326 1129 iam
363 1090 415 1128 se
451 1075 677 1129 liberum
724 1076 921 1142 sistere,
970 1092 1126 1143 quam
1173 1078 1391 1131 caeleste
1438 1094 1656 1147 regnum
1703 1079 1811 1131 sine
1849 1079 1958 1131 ulla

78 1162 397 1217 cunctatione
443 1162 678 1227 retinere,
727 1178 882 1230 quam
926 1163 1181 1233 collegam
1218 1164 1468 1231 passionis
1507 1180 1626 1217 cum
1663 1163 1866 1218 Christo
1902 1166 1957 1218 in

78 1248 270 1303 Christi
317 1248 522 1302 nomine
558 1248 756 1302 factum
795 1248 970 1314 fuisse,
1021 1265 1176 1317 quam
1213 1251 1401 1304 iudicis
1440 1251 1521 1303 sui
1558 1251 1736 1304 diuina
1774 1250 1956 1319 digna—

76 1335 212 1388 tione
259 1334 482 1388 iudicem
530 1335 728 1388 factum
765 1334 940 1400 fuisse,
991 1351 1146 1403 quam
1183 1337 1555 1390 inmaculatam
1593 1337 1957 1390 conscientiam

1 1417 53 1487 ’ζῗ
77 1421 139 1475 (16
175 1420 484 1474 confessione
521 1421 745 1474 nominis
783 1423 1085 1489 reportasse,
1134 1437 1288 1489 quam
1323 1422 1565 1475 humanis
1603 1423 1654 1475 et
1692 1422 1955 1492 sacrilegis

46 1544 54 1578 ,χ
76 1506 278 1575 legibus
305 1507 482 1560 contra
506 1507 662 1560 fidem
687 1522 788 1560 non
815 1508 1092 1572 oboedisse,
1133 1525 1290 1575 quam
1309 1509 1586 1561 ueritatem
1605 1524 1728 1562 6066
1748 1508 1956 1577 publica

77 1593 423 1647 contestatum
473 1594 649 1659 fuisse,
702 1611 857 1662 quam
904 1595 1073 1664 ipsam
1120 1611 1248 1663 quae
1296 1596 1359 1648 ab
1409 1595 1645 1649 omnibus
1691 1595 1957 1647 metuatur

74 1679 333 1733 moriendo
379 1681 600 1734 mortem
649 1681 928 1750 subegisse,
981 1698 1138 1749 quam
1173 1698 1263 1750 per
1299 1683 1466 1751 ipsam
1503 1682 1723 1733 mortem
1760 1681 1954 1732 inmor-

74 1765 337 1819 talitatem
385 1767 713 1820 consecutum
759 1768 933 1832 fuisse,
983 1785 1139 1835 quam
1186 1768 1423 1821 omnibus
1472 1767 1715 1821 saeuitiae
1760 1767 1961 1819 instru->

15 1854 35 1922 ἢ.
74 1852 263 1906 mentis
322 1853 738 1907 excarnificatum
791 1856 843 1907 et
893 1855 1152 1907 extortum
1201 1854 1328 1921 ipsis
1379 1854 1648 1907 tormentis
1698 1852 1957 1905 tormenta

75 1951 354 2005 superasse,
407 1954 563 2006 quam
614 1940 853 1993 omnibus
904 1941 1144 1994 dilaniati
1195 1941 1417 2008 corporis
1468 1939 1728 1992 doloribus
1778 1937 1956 1990 robore

51 2023 235 2077 animi
282 2025 597 2078 reluctatum
645 2025 821 2091 fuisse,
870 2043 1026 2094 quam
1075 2027 1377 2096 sanguinem
1430 2042 1583 2079 suum
1620 2023 1956 2092 profluentem

74 2125 174 2164 non
208 2111 483 2176 horruisse,
533 2128 687 2179 quam
734 2105 990 2182 supplicia
1027 2129 1118 2166 sua
1154 2114 1271 2180 post
1307 2112 1463 2165 fidem
1501 2127 1674 2164 amare
1709 2109 1955 2176 coepisse,

77 2211 229 2264 quam
267 2197 637 2251 detrimentum
673 2199 814 2252 uitae
853 2216 974 2252 suae
1011 2200 1194 2267 putare
1232 2199 1459 2251 uixisse?

80 561 319 616 territum
356 558 585 613 confiteri
621 559 905 613 Dominum
941 560 1127 624 Deum,
1167 575 1323 627 quam
1359 561 1495 614 inter
1532 563 1807 617 saeuientis
1846 580 1956 618 sae-

0 651 50 710 »231
82 645 266 702 cularis
310 644 583 711 potestatis
620 646 766 698 uaria
802 646 855 698 et
893 645 1148 713 exquisita
1183 647 1442 700 tormenta
1479 648 1636 701 etiam
1673 650 1868 703 extorto
1907 652 1958 703 et

0 719 68 792 ,ζιῗε
82 732 365 788 excruciato
413 731 466 784 et
514 732 866 785 excarnificato
924 746 1130 800 corpore
1180 730 1446 786 Christum
1495 733 1591 786 Dei
1640 734 1807 787 filium
1859 737 1958 790 etsi

0 793 51 819 =81

78 817 343 873 recedente
377 817 467 871 sed
491 818 668 870 tamen
692 817 854 870 libero
882 818 1070 885 spiritu
1095 818 1342 884 confiteri,
1381 823 1536 886 qua'm
1561 820 1739 872 relicto
1767 821 1956 874 mundo

146 2283 230 2336 Ad
254 2284 350 2338 hoc
376 2285 515 2337 enim
551 2286 807 2352 proelium
845 2286 992 2353 quasi
1031 2285 1252 2353 quadam
1288 2286 1417 2338 tuba
1455 2282 1710 2351 euangelii
1749 2282 1829 2334 sui
1866 2296 1957 2333 nos
1977 2280 2006 2329 4

1 2344 48 2454 A]
78 2368 265 2423 excitat
312 2370 564 2425 Dominus
618 2371 853 2424 dicendo:
913 2371 1019 2439 qui
1068 2372 1214 2439 plus
1268 2370 1500 2439 diligit
1549 2369 1799 2436 patrem
1849 2366 1960 2419 aut

246 2526 304 2570 24
333 2526 499 2571 Matth.
532 2528 600 2581 10,
632 2528 699 2572 37.
732 2528 800 2572 38.

165 2667 191 2710 1
211 2667 406 2726 felicius]
429 2668 610 2713 facilius
629 2671 740 2728 Εμν
894 2672 922 2715 2
942 2672 1060 2715 inter
1081 2683 1166 2715 om.
1194 2671 1262 2726 Τμ
1412 2670 1506 2725 ipso
1526 2666 1746 2710 carnificis
1775 2666 1842 2721 Τμ

79 2737 336 2783 interritum
364 2741 422 2796 F,
458 2742 694 2786 interitum
731 2759 771 2796 v,
810 2743 998 2786 interitu
1023 2743 1104 2799 Τμ,
1141 2742 1189 2785 16
1223 2741 1358 2785 terris
1382 2741 1495 2798 Ηρβ,
1531 2739 1650 2782 inter
1684 2738 1800 2780 ictus
1838 2735 1960 2779 coni.

5 2812 47 2873 ‘3³
80 2809 338 2868 ‚Dionysius
358 2813 598 2868 Petamus,
630 2815 679 2858 in
707 2815 803 2870 ipso
839 2815 1028 2859 interitu
1048 2828 1075 2858 v
1242 2812 1490 2856 saeuientes
1511 2812 1602 2867 Fu,
1636 2808 1885 2853 seuidentes
1912 2807 1958 2858 T,

81 2882 329 2932 saeuientia
350 2886 447 2942 qu
609 2887 855 2931 saeculares
892 2887 1139 2944 potestates
1165 2888 1249 2942 Τμ,
1287 2883 1513 2941 popularis
1550 2880 1787 2939 potestatis
1819 2896 1846 2922 ν

20 2987 35 2990 -
80 2951 111 2996 4
128 2967 205 3010 Per
224 2957 353 2999 uaria
372 2957 427 2998 H
575 2960 722 3003 extoto
743 2975 774 3015 μ
940 2960 987 3002 et
1007 2972 1090 3002 om.
1121 2958 1183 3013 V,·
1206 2958 1252 3000 et
1273 2956 1519 3000 excruciato
1540 2968 1619 2999 om.
1645 2970 1707 3009 μν
1867 2951 1895 2994 5
1916 2952 1962 2994 et

83 3036 165 3068 om.
195 3027 239 3071 V
396 3029 483 3073 etsi
512 3030 753 3086 recedente]
768 3032 832 3075 ,et
852 3030 947 3074 sine
969 3029 1176 3073 caedente
1204 3029 1248 3073 V
1408 3028 1435 3070 9
1455 3013 1641 3084 ᾶῖἷρμν
1805 3024 1896 3066 16111
1917 3034 1962 3064 36

0 3120 8 3136 1
41 3127 46 3133 ·
83 3108 164 3140 om·
183 3111 212 3156 9
297 3112 343 3143 se
364 3099 571 3158 liberum]
595 3102 778 3146 celerem
806 3102 851 3147 V
961 3101 1017 3145 10
1037 3101 1313 3145 contactione
1335 3117 1366 3155 μ
1462 3100 1612 3141 tenere
1631 3110 1658 3141 υ
1754 3095 1809 3138 11
1831 3105 1963 3150 quam

0 3324 27 3338 «J
0 3237 34 3314 (θ’-ἶ.
0 3185 18 3194 Γ
7 3151 35 3168 j

38 3168 39 3172 ’
83 3166 244 3213 iudicis
268 3204 277 3213 .
297 3204 334 3214 ..
359 3171 497 3216 fuisse
516 3186 599 3217 om.
621 3174 726 3232 Ηρβ
834 3174 890 3218 14
907 3173 1100 3231 legibus]
1123 3172 1303 3229 regibus
1323 3185 1352 3228 9
1457 3169 1512 3214 15
1532 3169 1628 3225 ipse
1650 3169 1692 3211 T
1772 3164 1962 3209 homini-

83 3237 166 3284 bus
186 3257 248 3298 μν
411 3245 628 3288 metuitur
647 3259 677 3302 9
842 3245 895 3288 17
927 3258 1026 3289 cum
1047 3244 1252 3289 omnibus
1274 3244 1374 3300 Ηρβ
1538 3240 1592 3282 19
1622 3237 1787 3282 laniati
1813 3238 1854 3278 T

84 3310 142 3355 20
159 3311 381 3359 luctatum
406 3316 474 3372 Τμ
592 3329 726 3372 quam
746 3330 802 3361 ex
823 3329 960 3373 quare
981 3333 1008 3360 ν
1028 3330 1085 3360 m.
1107 3318 1140 3360 2
1271 3315 1327 3358 22
1348 3312 1616 3357 detrimenta
1637 3327 1664 3354 ν
1780 3307 1960 3363 uixisse]

84 3396 172 3428 non
191 3387 331 3430 exisse
350 3401 390 3441 v,
411 3401 500 3432 non
519 3388 685 3433 uixisse
711 3390 756 3434 V
769 3394 879 3435 teste
899 3389 1114 3447 Riyaltio,
1136 3387 1297 3431 uicisse
1325 3386 1368 3431 V
1383 3389 1480 3430 test.
1511 3383 1655 3428 Oxou.
1806 3381 1864 3425 23
1884 3380 1959 3424 ad-

85 3453 172 3499 huc
190 3456 289 3500 ΓΗ
293 3461 335 3513 T
459 3460 676 3516 quaedam
696 3462 750 3503 H
872 3461 930 3507 24
950 3460 1116 3504 excitat
1136 3472 1214 3502 nos
1242 3460 1283 3501 T
1401 3455 1550 3500 dicens
1572 3456 1626 3512 βυ
1741 3453 1843 3509 plus
1857 3456 1963 3508 post

85 3529 275 3573 matrem
291 3545 319 3589 9
