2332 3978
543 947 689 1028 DE
756 941 1639 1027 MORTALITATE.

225 1170 363 1261 Etsi
402 1203 526 1271 aput
564 1200 815 1270 plurimos
856 1200 1112 1265 uestrum,
1153 1199 1335 1253 fratres
1376 1199 1728 1263 dilectissimi,
1769 1214 1913 1252 mens
1951 1199 2076 1252 so-l

156 1291 263 1345 lida
289 1291 367 1344 est
393 1290 444 1342 et
469 1288 593 1341 fides
619 1287 769 1340 firma
795 1287 847 1340 et
873 1286 1045 1340 anima
1070 1286 1256 1339 deuota
1282 1301 1411 1352 quae
1438 1284 1503 1337 ad
1528 1285 1809 1352 praesentis
1836 1285 2032 1338 morta-

42 1439 47 1447 ,
158 1377 324 1431 litatis
352 1376 550 1444 copiam
574 1389 674 1428 non
698 1373 951 1437 mouetur,
978 1372 1066 1426 sed
1092 1373 1363 1439 tamquam
1398 1373 1543 1439 petra
1578 1370 1726 1423 fortis
1753 1371 1803 1422 et
1829 1370 2033 1424 stabilis

103 1482 122 1514 5
159 1463 389 1517 turbidos
416 1462 642 1530 impetus
669 1459 849 1513 mundi
877 1459 927 1511 et
953 1457 1203 1510 uiolentos
1230 1456 1420 1510 saeculi
1444 1456 1630 1508 fluctus
1652 1455 1844 1525 frangit
1863 1457 2034 1523 potius

158 1551 271 1619 ipsa
296 1563 388 1602 nec
413 1547 697 1616 frangitur,
739 1546 789 1598 et
815 1543 1243 1612 temptationibus
1269 1558 1370 1596 non
1405 1542 1631 1594 uincitur
1657 1542 1746 1594 sed
1771 1542 2033 1610 probatur,

158 1638 333 1690 tamen
358 1634 479 1702 quia
505 1632 858 1686 animaduerto
883 1631 938 1683 in
960 1629 1107 1698 plebe
1134 1629 1381 1697 quosdam
1400 1628 1485 1681 uel
1509 1627 1849 1680 inbecillitate
1875 1627 2037 1680 animi

159 1721 244 1776 uel
268 1720 388 1773 fidei
414 1720 671 1787 paruitate
696 1719 781 1772 uel
808 1717 1074 1772 dulcedine
1101 1715 1377 1770 saecularis
1416 1715 1556 1768 uitae
1594 1715 1678 1767 uel
1716 1729 1863 1767 sexus
1902 1714 2035 1766 mol-

159 1807 274 1862 litie
299 1807 411 1871 uel,
453 1806 587 1874 quod
613 1805 781 1874 magis
809 1805 911 1869 est,
954 1803 1189 1857 ueritatis
1228 1817 1393 1855 errore
1433 1801 1605 1855 minus
1653 1802 1789 1854 stare
1835 1800 2037 1853 fortiter

107 1908 251 1949 101100
288 1892 508 1961 pectoris
547 1892 627 1944 sui
665 1891 901 1943 diuinum
945 1890 1108 1958 adque
1153 1889 1410 1942 inuictum
1435 1887 1591 1940 robur
1617 1902 1843 1951 exerere,
1883 1887 2037 1939 dissi-

44 1968 49 1971 ’
163 1979 408 2033 111111011ᾶο
450 1993 529 2032 100
572 1993 673 2030 11011
713 1978 815 2030 fuit
858 1992 949 2030 nec
990 1975 1230 2039 tacenda,
1273 1973 1545 2042 quominus
1574 1974 1827 2041 quantum
1864 1974 2039 2025 nostra

164 2065 490 2119 mediocritas
517 2063 710 2117 sufficit
735 2064 912 2133 uigore
936 2063 1084 2130 pleno
1112 2063 1164 2115 et
1190 2075 1421 2114 sermone
1449 2060 1510 2113 de
1538 2059 1794 2113 dominica
1819 2059 2042 2112 lectione

166 2151 404 2218 concepto
432 2149 681 2203 delicatae
721 2149 909 2202 mentis
946 2147 1158 2217 ignauia
1185 2147 1536 2213 conprimatur
1574 2146 1625 2198 et
1652 2146 1739 2212 qui
1766 2145 1917 2198 homo
1945 2143 2042 2197 Dei

45 2296 62 2317 ἦ,
168 2237 219 2290 01
245 2234 437 2289 Christi
463 2251 570 2289 esse
595 2236 700 2289 iam
727 2236 893 2304 coepit
919 2235 1026 2287 Deo
1054 2234 1105 2286 et
1132 2231 1333 2286 Christo
1362 2232 1549 2301 dignus
1575 2232 1840 2284 habeatur.

110 2347 149 2380 15
237 2323 526 2391 Agnoscere
553 2322 689 2375 enim
717 2336 769 2374 se
797 2321 971 2385 debet,
1012 2319 1198 2373 fratres
1239 2318 1589 2382 dilectissimi,
1631 2317 1719 2385 qui
1757 2318 1865 2370 Deo
1905 2316 2046 2369 mili·
2066 2320 2093 2371 2

166 2409 272 2473 tat,
312 2409 400 2476 qui
426 2408 624 2476 positus
650 2407 705 2459 in
731 2406 1035 2459 caelestibus
1062 2406 1241 2458 castris
1287 2404 1463 2457 diuina
1505 2404 1608 2456 iam
1652 2404 1846 2470 sperat,
1887 2404 1946 2455 ut
1983 2402 2048 2455 ad

166 2495 416 2564 procellas
444 2496 495 2547 et
520 2494 753 2548 turbines
779 2493 961 2546 mundi
985 2492 1262 2560 trepidatio
1288 2491 1431 2544 nulla
1459 2491 1528 2543 sit
1554 2489 1723 2554 1101110,
1765 2489 1909 2542 nulla
1935 2490 2048 2542 tur-

169 2581 333 2646 110110,
380 2580 581 2649 quando
606 2580 731 2633 haec
759 2581 974 2633 uentura
1014 2578 1325 2646 praedixerit
1351 2577 1602 2631 Dominus
1640 2575 1883 2644 prouidae
1909 2574 2049 2627 uocis

47 2724 64 2731 ³,
169 2665 377 2720 hortatu
419 2667 678 2720 instruens
724 2667 775 2719 et
818 2666 1000 2719 docens
1046 2666 1096 2718 01
1145 2680 1455 2734 praeparans
1506 2663 1670 2730 adque
1722 2661 2048 2715 corroborans

41 2743 65 2821 Ῑϊ
115 2772 158 2805 20
171 2753 410 2806 ecclesiae
449 2767 568 2805 suae
606 2752 854 2820 populum
881 2752 946 2805 ad
971 2767 1175 2804 omnem
1201 2750 1530 2804 tolerantiam
1559 2749 1879 2801 futurorum:
1907 2746 2046 2800 bella

172 2839 222 2892 et
246 2838 408 2892 fames
436 2839 488 2892 et
512 2839 677 2892 terrae
702 2839 873 2891 motus
900 2838 951 2892 et
976 2837 1296 2905 pestilentias
1323 2852 1412 2904 per
1436 2836 1546 2889 loca
1573 2833 1776 2904 singula
1810 2849 2050 2903 exurgere

258 3022 438 3055 mchrr
470 3010 667 3066 (INCIPIT
704 3023 785 3055 om.
821 3009 872 3066 S)
904 3023 966 3054 nn
996 3021 1327 3053 MORTALITATE
1360 3007 1482 3059 SW,
1544 3018 1727 3050 INCIPIT
1759 3017 1944 3050 01100101
1975 3017 2053 3048 011-

174 3094 342 3126 mum
372 3095 433 3126 m:
462 3094 791 3126 Mon‘rAm'rA‘rn
819 3081 910 3127 OG
1009 3082 1036 3125 2
1066 3081 1305 3138 plurimom
1334 3079 1394 3124 G¹
1511 3079 1539 3122 3
1568 3080 1638 3121 est
1659 3090 1740 3122 om.
1767 3077 1808 3122 G
1923 3078 2053 3120 mort.

177 3165 266 3211 cop.
288 3167 428 3211 praes.
458 3153 499 3199 G
584 3154 614 3198 4
644 3155 712 3198 set
734 3153 788 3206 S,
810 3155 855 3198 et
883 3153 923 3198 G
1025 3154 1137 3198 stab.
1161 3155 1207 3197 et
1227 3152 1329 3196 fort.
1347 3153 1402 3194 W
1493 3154 1520 3197 5
1541 3153 1763 3196 uiolentus
1791 3151 1839 3203 O,
1862 3149 2056 3194 uolentis

185 3225 264 3269 W¹
378 3226 402 3269 7
435 3225 542 3282 quia
562 3238 617 3269 ex
638 3226 715 3282 qui
741 3226 805 3271 W
821 3239 877 3270 m.
895 3227 947 3278 2,
972 3225 1182 3281 quoniam
1204 3226 1247 3270 V
1330 3225 1578 3269 animuerto
1605 3224 1686 3268 W¹
1782 3221 2055 3265 inbecillita-

177 3297 269 3341 tem
296 3296 333 3342 Ο
418 3297 446 3340 8
476 3295 698 3341 dulcidine
720 3296 801 3342 SO
886 3297 1104 3341 mollitiae
1128 3296 1257 3342 SGO
1343 3298 1370 3342 9
1390 3296 1550 3353 magis]
1573 3295 1719 3338 maius
1740 3308 1766 3339 v
1855 3293 1909 3337 10
1937 3305 2056 3336 ease-

179 3381 273 3412 rere
295 3367 330 3412 S
416 3369 471 3412 13
491 3367 679 3412 delicate
699 3370 868 3412 mentes
891 3368 929 3413 S
1012 3369 1068 3412 15
1099 3367 1363 3425 adgnoscere
1379 3369 1502 3413 Wut
1516 3368 1647 3420 solet,
1671 3365 1905 3423 agnuscire
1935 3363 1972 3409 Ο

180 3438 235 3482 16
265 3441 413 3496 sperat
436 3439 527 3492 SO,
551 3439 694 3496 spirat
720 3441 842 3494 WV,
866 3440 1065 3497 adspirat
1089 3440 1130 3485 (i
1217 3441 1269 3484 17
1290 3439 1485 3483 turbinis
1513 3438 1550 3483 O
1636 3438 1684 3481 in
1703 3437 1830 3481 nobis
1851 3451 1877 3481 v
1963 3437 2059 3479 tur-

181 3508 304 3576 batio
327 3510 589 3563 SOWGV,
611 3512 833 3555 cunctatio
862 3526 888 3557 v
1050 3512 1104 3556 18
1135 3514 1350 3556 euentura
1373 3509 1577 3556 OWGV
1723 3507 1903 3565 prouide
1932 3507 1968 3553 Ο

185 3580 238 3624 19
266 3581 472 3626 hortatur
500 3582 562 3635 G,
583 3583 820 3627 hortatusn
838 3583 894 3628 0¹
989 3583 1044 3627 21
1065 3585 1181 3626 terre
1210 3582 1247 3628 0
1267 3582 1335 3626 ita
1354 3581 1538 3636 saepius
1560 3593 1582 3623 0
1598 3591 1689 3636 pro
1710 3593 1759 3623 00
1855 3580 1865 3598 ’
