2332 3978
124 1382 171 1413 ³10

126 1817 172 1848 a5

121 2249 173 2282 20

121 2684 171 2715 25

807 224 1033 268 Testim.
1066 223 1095 268 l.
1128 223 1164 266 Ι.
1197 224 1469 279 capitula.
2009 223 2077 275 37

809 483 1055 537 LIBER
1112 480 1438 535 PRIMVS.

951 638 1318 685 CAPITVLA.

367 757 408 809 I.
436 756 653 810 Iudaeos
679 756 733 808 in
759 755 1004 810 offensam
1029 755 1128 808 Dei
1153 755 1385 824 grauiter
1410 753 1702 822 deliquisse,
1737 754 1871 822 quod
1896 754 2079 807 Domi-

436 859 562 895 num
589 841 895 909 reliquerint
922 842 973 894 et
998 841 1137 894 idola
1164 841 1327 894 secuti
1353 841 1473 893 sint.

333 929 402 981 II.
433 927 580 993 Quod
605 928 868 996 prophetis
894 942 994 980 non
1020 927 1330 980 crediderint
1357 927 1408 979 et
1434 941 1518 980 eos
1543 926 1910 980 interfecerint.

310 1015 407 1067 III.
437 1014 574 1067 Ante
598 1014 946 1083 praedictum,
977 1013 1112 1081 quod
1126 1013 1411 1066 Dominum
1449 1027 1612 1080 neque
1638 1012 1895 1081 cognituri
1919 1027 2082 1080 neque

435 1100 752 1154 intellecturi
775 1115 938 1167 neque
963 1100 1220 1168 recepturi
1246 1099 1429 1153 essent.

281 1187 406 1239 IIII.
436 1185 583 1251 Quod
608 1186 887 1254 scripturas
908 1186 1109 1239 sanctas
1132 1185 1447 1239 intellecturi
1457 1183 1638 1238 Iudaei
1657 1199 1758 1237 non
1777 1186 1974 1250 essent,
1991 1171 2082 1238 >in-

436 1273 615 1343 tellegi
642 1273 817 1326 autem
840 1273 1086 1326 haberent
1111 1273 1166 1326 in
1189 1272 1486 1327 nouissimis
1513 1272 1849 1341 temporibuS,
1878 1274 2082 1341 postea-

437 1376 591 1427 quam
618 1358 852 1412 Christus
878 1359 1118 1413 uenisset.

347 1447 409 1500 V.
442 1447 586 1500 Nihil
622 1462 769 1515 posse
807 1447 1024 1500 Iudaeos
1062 1446 1361 1515 intellegere
1387 1447 1450 1499 de
1478 1446 1771 1514 scripturiS,
1811 1445 1912 1498 nisi
1938 1445 2082 1513 prius

440 1533 747 1587 crediderint
772 1533 827 1585 in
854 1532 1133 1586 Christum.

319 1619 409 1673 VI.
440 1619 588 1686 Quod
613 1619 943 1672 Hierusalem
969 1618 1225 1687 perdituri
1262 1619 1431 1672 essent
1457 1619 1509 1672 et
1533 1619 1724 1672 terram
1756 1634 1912 1686 quam
1939 1633 2082 1672 acce-

438 1707 619 1774 perant
654 1706 901 1759 relicturi.

297 1792 416 1845 VII.
442 1793 578 1845 Item
605 1792 740 1859 quod
766 1793 934 1845 essent
960 1791 1201 1845 amissuri
1226 1792 1404 1844 lumen
1429 1790 1655 1844 Domini.

272 1879 420 1931 VIII.
448 1877 595 1943 Quod
621 1878 942 1932 circumcisio
967 1879 1136 1946 prima
1162 1878 1379 1931 carnalis
1407 1879 1656 1931 euacuata
1683 1878 1752 1930 sit
1787 1878 1838 1930 et
1864 1876 2083 1930 secunda

439 1965 689 2033 spiritalis
715 1966 1026 2034 repromissa
1052 1965 1137 2018 sit.

234 2052 408 2104 VIIII.
439 2050 585 2116 Quod
610 2052 694 2104 lex
717 2051 856 2118 prior
881 2067 1011 2119 quae
1036 2067 1126 2119 per
1147 2051 1360 2119 Moysen
1390 2050 1510 2103 data
1540 2050 1618 2104 est
1645 2049 1906 2103 cessatura
1928 2050 2078 2104 esset.

349 2138 413 2190 X.
443 2137 589 2202 Quod
615 2139 697 2190 lex
720 2154 854 2190 noua
880 2138 992 2190 dari
1016 2137 1244 2190 haberet.

319 2224 411 2276 XI.
441 2224 587 2288 Quod
614 2224 882 2292 dispositio
910 2224 1012 2277 alia
1039 2224 1090 2277 et
1114 2224 1485 2277 testamentum
1504 2238 1698 2276 nouum
1720 2221 1831 2276 dari
1851 2221 2077 2275 haberet.

295 2310 415 2362 XII.
446 2308 593 2374 Quod
617 2310 879 2378 baptisma
904 2311 1055 2363 uetus
1083 2310 1303 2363 cessaret
1329 2311 1381 2363 et
1407 2325 1601 2362 nouum
1626 2309 1888 2376 inciperet.

269 2396 417 2448 XIII.
448 2393 595 2460 Quod
617 2396 800 2465 iugum
820 2398 970 2449 uetus
997 2397 1330 2449 euacuaretur
1356 2397 1407 2449 et
1432 2396 1616 2465 iugum
1641 2410 1833 2448 nouum
1855 2395 2078 2447 daretur.

243 2483 420 2535 XIIII.
452 2482 598 2548 Quod
616 2483 843 2549 pastores
869 2483 1067 2536 ueteres
1095 2482 1343 2536 cessaturi
1363 2482 1530 2536 essent
1557 2483 1608 2535 et
1633 2482 1755 2534 noui
1780 2480 2077 2548 inciperent.

298 2570 412 2623 XV.
442 2569 588 2635 Quod
626 2571 806 2624 domus
846 2570 897 2623 et
932 2568 1188 2637 templum
1223 2569 1321 2620 Dei
1356 2567 1591 2621 Christus
1627 2567 1833 2620 futurus
1862 2567 1992 2620 esset
2030 2567 2082 2620 et

441 2656 686 2710 cessasset
711 2655 967 2723 templum
994 2655 1143 2707 uetus
1171 2655 1222 2708 et
1247 2669 1441 2707 nouum
1466 2653 1728 2722 inciperet.

267 2742 408 2796 XVI.
441 2741 587 2807 Quod
607 2742 916 2796 sacrificium
935 2742 1086 2795 uetus
1107 2741 1438 2794 euacuaretur
1449 2740 1500 2792 et
1509 2756 1704 2794 nouum
1716 2739 2075 2793 celebraretur.

276 2914 305 2960 3
339 2914 505 2957 offensa
523 2913 628 2956 ΜΒ
715 2912 793 2956 sed
814 2912 930 2969 quod
945 2913 990 2956 A
1077 2913 1110 2958 4
1140 2912 1403 2969 reliquerint
1415 2912 1527 2964 AB,
1560 2910 1858 2967 relinquerint
1878 2910 1934 2963 L,
1958 2910 2080 2954 dere-

187 2985 447 3042 linquerunt
465 2985 566 3042 (unt
583 2998 638 3028 ea:
653 2984 740 3042 int)
751 2984 812 3028 M
881 2984 1050 3028 saecuti
1061 2986 1106 3027 A
1124 2985 1237 3028 tales
1253 2984 1513 3028 litterarum
1530 2997 1553 3026 e
1574 2987 1616 3026 et
1633 2995 1684 3026 ae
1703 2984 1758 3027 in
1767 2981 1962 3025 ALMB
1974 2995 2080 3026 con-

186 3058 393 3112 fusiones
406 3058 598 3113 posthae
619 3070 715 3101 non
734 3070 886 3100 omnes
906 3057 1171 3101 notauimus
1247 3057 1352 3099 sunt
1361 3056 1470 3099 AM
1541 3055 1571 3104 5
1593 3055 1703 3098 item
1724 3054 1840 3111 quod
1850 3054 2025 3098 LMBv

179 3128 431 3185 ‘profetisA
446 3134 489 3173 et
501 3130 566 3173 sic
586 3129 686 3183 fere
704 3141 879 3196 semper
969 3127 1319 3172 credideruntM
1326 3133 1335 3156 ¹
1404 3127 1433 3173 6
1455 3128 1565 3171 item
1585 3128 1689 3171 ante
1701 3126 1760 3183 B,
1783 3131 1826 3170 et
1844 3126 1909 3170 sic
1930 3137 2083 3169 omnes

190 3199 404 3256 deinceps
423 3201 551 3244 tituli
569 3201 623 3244 in
643 3201 689 3244 B
707 3201 944 3256 incipiunt
965 3201 1047 3244 ab:
1066 3200 1183 3244 Item
1266 3199 1326 3248 15
1349 3200 1460 3243 item
1478 3212 1561 3244 om.
1573 3199 1620 3242 A
1698 3199 1954 3242 ammissuri
1968 3196 2031 3240 M

195 3271 258 3318 18
288 3271 408 3329 prior
424 3285 538 3316 eras.
557 3272 610 3316 in
625 3272 688 3316 M
769 3285 920 3316 mosen
937 3272 980 3316 L
1068 3271 1134 3318 20
1152 3271 1401 3327 dispositio]
1419 3271 1459 3314 si
1478 3270 1642 3327 positio
1674 3270 1720 3313 B
1808 3268 1872 3315 24
1902 3267 2082 3312 domum

94 3366 100 3369 ,
189 3342 251 3387 M
306 3345 352 3386 et
361 3343 483 3400 (post
497 3345 629 3401 esset)
640 3356 720 3387 om.
734 3343 779 3387 B
857 3343 920 3392 25
938 3345 1128 3387 cessaret
1138 3344 1210 3389 Bv
1289 3344 1333 3386 et
1342 3356 1527 3386 nouum.
1546 3376 1556 3385 .
1575 3342 1623 3386 .l.
1637 3344 1698 3387 26
1714 3342 1842 3385 uetus
1859 3353 1941 3384 om.
1954 3340 1998 3384 L

184 3415 408 3472 >inciperet
427 3417 494 3468 A,
516 3415 733 3472 coepisset
748 3416 816 3468 M,
846 3415 1035 3471 cepisset
1057 3415 1102 3459 B
1189 3414 1252 3462 26
1285 3415 1571 3458 euacueretur
1591 3413 1649 3466 L,
1670 3413 1936 3456 uacuaretur
1951 3411 1997 3455 A

188 3486 468 3531 caelebretur
495 3486 540 3530 A
