2332 3978
317 287 428 339 446
983 278 1228 325 Caecilii
1269 277 1539 335 Cypriani

320 415 547 483 pertinet
587 427 754 465 sermo
799 409 1009 463 Domini
1055 408 1300 462 dicentis:
1362 409 1469 476 qui
1517 422 1637 460 non
1685 409 1783 461 est
1830 422 2074 461 mecum
2111 409 2215 461 ad-

321 517 576 554 uersum
631 515 723 551 me
780 498 903 560 est,
971 498 1031 550 et
1082 497 1188 564 qui
1244 510 1363 549 non
1419 510 1659 548 mecum
1717 495 1987 564 colligit
2042 510 2215 564 spar-

320 587 456 657 git?
508 584 641 638 unde
695 585 896 637 constat
944 599 1096 651 super
1143 583 1276 635 filios
1326 582 1518 635 alienos
1568 582 1619 634 et
1669 581 1872 634 suboles
1922 580 2218 634 antichristi

319 673 577 741 Spiritum
605 672 842 725 sanctum
868 686 959 738 per
996 685 1179 722 manus
1206 668 1572 735 inpositionem
1598 682 1699 720 non
1725 667 2089 721 tantummodo
2114 682 2216 721 non
2323 630 2332 730 3}

322 775 468 827 posse
495 757 820 819 descendere,
862 771 979 808 cum
1015 755 1352 808 manifestum
1392 754 1462 807 sit
1500 754 1783 808 haereticos
1820 753 2081 822 baptisma
2117 768 2217 808 non
2255 775 2275 808 s
2329 811 2332 814 Α

322 846 526 899 habere.

844 1003 1139 1054 Victoricus
1167 1017 1198 1052 a
1224 1002 1497 1051 Thabraca
1525 1001 1686 1050 dixit:

233 1107 303 1159 25
395 1104 448 1157 Si
477 1105 599 1157 licet
624 1103 894 1156 haereticis
922 1102 1184 1168 baptizare
1207 1101 1258 1153 et
1279 1101 1551 1153 remissam
1570 1102 1898 1166 peccatorum
1920 1100 2058 1161 dare,
2088 1098 2214 1167 quid

319 1190 437 1243 illos
464 1191 777 1243 infamamus
807 1189 857 1241 et
883 1188 1164 1242 haereticos
1191 1185 1309 1240 illos
1335 1186 1657 1254 appellamus
1673 1187 1698 1237 ⁶?

850 1363 997 1411 Alius
1025 1362 1175 1410 Felix
1204 1361 1268 1410 ab
1296 1361 1496 1411 Vthina
1523 1361 1679 1411 dixit:
2233 1387 2276 1421 10

229 1462 303 1512 26
394 1461 603 1513 Nemini
643 1461 860 1512 dubium
899 1459 1003 1523 est,
1045 1460 1361 1512 sanctissimi
1407 1460 1818 1524 consacerdoteS,
1859 1475 1958 1513 non
2003 1460 2057 1513 in
2101 1462 2215 1515 tan-

320 1549 435 1599 tum
480 1563 627 1615 posse
668 1548 947 1599 humanam
994 1547 1494 1614 praesumptionem,
1535 1548 1788 1613 quantum
1815 1546 2026 1599 Domini
2051 1548 2214 1600 nostri

320 1633 514 1686 Christi
560 1634 874 1687 adorandam
920 1635 970 1685 et
1016 1634 1366 1686 uenerabilem
1411 1634 1756 1685 maiestatem.
1797 1648 2049 1686 memores
2094 1649 2214 1702 ergo

320 1720 537 1788 periculi
564 1720 660 1773 hoc
686 1735 884 1787 quoque
911 1735 1011 1772 non
1038 1721 1244 1772 tantum
1269 1720 1540 1773 obseruare
1561 1719 1823 1784 debemuS,
1852 1735 2035 1772 uerum
2057 1719 2214 1773 etiam

320 1808 385 1860 ab
414 1808 653 1860 omnibus
680 1807 826 1859 nobis
855 1806 1180 1870 confirmare,
1223 1809 1282 1859 ut
1310 1821 1488 1859 omnes
1526 1806 1774 1860 haeretici
1813 1807 1901 1874 qui
1940 1807 2004 1859 ad
2042 1806 2215 1859 sinum
2231 1826 2271 1858 15

322 1894 505 1946 matris
533 1894 776 1946 ecclesiae
803 1894 1081 1946 adcurrunt
1108 1894 1464 1960 baptizentur,
1506 1895 1565 1946 ut
1604 1909 1748 1946 mens
1788 1893 2048 1947 haeretica
2085 1909 2213 1960 quae

320 1980 566 2031 diuturna
591 1980 709 2032 tabe
735 1981 936 2046 polluta
965 1981 1041 2033 est
1069 1979 1475 2033 sanctificatione
1514 1979 1707 2032 lauacri
1748 1980 1971 2048 purgata
2009 1979 2063 2032 in
2102 1995 2212 2032 me—

320 2065 420 2117 lius
447 2065 769 2119 reformetur.

941 2227 1156 2279 Quietus
1184 2242 1216 2276 a
1241 2229 1409 2277 Buruc
1438 2227 1593 2277 dixit:

231 2331 298 2382 27
392 2323 491 2387 Qui
512 2324 610 2376 fide
638 2324 866 2376 uiuimus
893 2325 1104 2392 obsequi
1133 2325 1212 2377 his
1241 2342 1370 2392 quae
1397 2326 1712 2379 instruendis
1740 2326 1888 2379 nobis
1916 2327 2035 2378 ante
2062 2339 2211 2394 prae·
2231 2342 2273 2376 20

321 2410 462 2463 dicta
489 2412 609 2462 sunt
636 2410 844 2463 credula
870 2411 1226 2464 obseruatione
1248 2412 1510 2464 debemus,
1552 2429 1674 2465 nam
1702 2412 1955 2480 scriptum
1983 2413 2060 2465 est
2086 2412 2214 2480 aput

320 2495 673 2549 Salomonem:
735 2497 841 2564 qui
897 2497 1283 2564 baptizatur
1337 2515 1366 2551 a
1419 2499 1671 2552 mortuo
1730 2499 1886 2565 quid
1935 2497 2215 2566 proficit

487 2668 544 2709 2⁶2
576 2667 660 2710 Sir.
684 2668 754 2719 34,
778 2669 844 2711 30.

410 2810 426 2851 l
464 2809 705 2864 pertinebit
736 2811 859 2861 VAv,
895 2812 1117 2865 pertineat
1141 2826 1196 2855 esu
1220 2814 1449 2868 pertinant
1472 2814 1515 2857 L
1535 2827 1590 2857 m.
1610 2817 1642 2856 2
1763 2814 1834 2858 dei
1856 2800 1949 2858 ‹ffii
1973 2814 2010 2859 S
2135 2815 2213 2858 ad-

320 2895 472 2924 uersus
483 2883 555 2926 Av
643 2884 669 2925 2
692 2883 876 2938 collegit
899 2885 954 2925 Τι
1045 2886 1072 2926 3
1094 2885 1274 2928 subules
1294 2886 1340 2936 S,
1367 2886 1541 2929 soboles
1560 2886 1631 2931 Lv
1722 2886 1983 2930 antichristi
2000 2899 2081 2931 om.
2097 2887 2136 2932 S

314 2955 346 2995 4
369 2956 569 2996 sanctum
594 2968 673 2997 om.
695 2956 734 2996 T
808 2968 891 2997 non
915 2970 995 2998 om.
1012 2957 1082 3000 Av
1101 2958 1227 3010 (ante
1243 2958 1570 3014 tantummodo)
1643 2959 1671 3002 5
1691 2958 1994 3002 discendereS
2064 2959 2217 3003 hacre-

318 3025 458 3068 ticum
480 3040 535 3068 ea}
556 3026 778 3068 haeretico
807 3029 846 3069 T
928 3028 955 3068 ὃ
987 3028 1171 3071 remissa
1194 3029 1232 3072 S
1316 3030 1342 3070 9
1375 3033 1419 3072 ct
1441 3030 1496 3081 S,
1532 3033 1581 3073 ut
1605 3030 1735 3073 LTA
1823 3030 1928 3073 illos
1950 3044 2032 3075 om.
2058 3031 2131 3075 Lv

317 3098 725 3153 appellemusLTA
806 3099 857 3141 11
883 3099 928 3141 in
948 3113 1029 3142 om.
1048 3113 1073 3142 v
1155 3102 1207 3143 12
1224 3101 1472 3145 hurnanaS
1547 3104 1766 3157 quantum
1781 3102 1875 3155 SA,
1895 3103 2135 3158 quamLT

320 3170 373 3212 13
406 3171 501 3212 iesu
524 3170 683 3212 christi
700 3170 771 3214 Av
893 3171 947 3214 14
968 3170 1178 3215 debemus
1195 3186 1277 3216 om.
1291 3174 1517 3217 Erasmus
1652 3175 1707 3218 15
1729 3173 1986 3218 confirmare
2006 3173 2216 3218 debemus

319 3241 568 3293 Erasmus,
602 3241 855 3285 confirmari
877 3245 1052 3298 oportet
1076 3244 1302 3288 Baluzius
1402 3247 1453 3289 17
1486 3246 1667 3302 pulluta
1689 3245 1727 3291 S
1813 3246 2215 3291 sanctificationem

319 3312 493 3369 lauagri
517 3314 554 3357 S
643 3314 695 3356 19
727 3314 950 3358 confessor
972 3314 1151 3370 quietus
1183 3316 1225 3358 V
1298 3330 1324 3359 a
1348 3318 1486 3362 buruc
1504 3318 1604 3371 ST,
1638 3332 1665 3362 a
1687 3318 1836 3376 burug
1859 3319 1919 3370 V,
1942 3318 1998 3363 ab
2021 3320 2129 3363 urbe
2151 3321 2208 3372 L,

315 3396 344 3426 a
367 3384 534 3429 buruch
557 3401 583 3430 v
672 3387 729 3429 20
759 3386 815 3429 iis
835 3401 860 3430 v
951 3386 1245 3444 instruendis]
1273 3389 1474 3433 stuendis
1498 3390 1537 3435 S
1619 3390 1878 3447 praedicata
1905 3391 1945 3433 T
2042 3392 2097 3437 21
2120 3404 2212 3436 cre-

316 3454 446 3499 dulat
466 3458 503 3501 S
585 3459 641 3501 22
673 3458 939 3502 solomonem
966 3459 1020 3509 S,
1045 3459 1200 3503 salam.
1227 3461 1270 3504 L
1380 3465 1553 3507 mortuo
1577 3462 1759 3515 SLTA‚
1783 3466 1958 3508 mortuo
1981 3465 2027 3509 et
2048 3463 2215 3509 iterum

314 3527 473 3582 tangit
496 3532 721 3573 mortuum
745 3544 771 3573 v
