2332 3978
598 224 672 267 De
702 237 868 279 opere
898 225 953 267 et
983 222 1356 280 eleemosynis
1386 236 1421 267 0.
1455 223 1551 266 10-
1569 223 1637 267 13.
1953 225 2062 278 383

173 354 356 409 1130313
399 355 604 406 30101113
647 353 965 421 susciperent
1007 352 1230 405 fideliter
1267 367 1325 404 ac
1369 352 1648 406 salubriter
1684 354 2054 422 praemoneret,

177 440 379 494 addidit
415 440 531 507 post
568 439 694 492 haec
725 440 981 507 scriptura
1009 438 1208 492 dicens:
1249 439 1614 492 audiebant
1652 440 1866 493 autem
1902 440 2057 493 haec

180 527 390 579 omnia
426 526 779 580 Pharisaei
837 525 943 594 qui
998 526 1182 579 erant
1232 524 1654 593 cupidissimi
1706 526 1766 577 et
1819 526 2056 579 inride-

181 612 348 666 bant.
407 612 583 679 quales
620 628 755 666 nunc
791 611 845 665 in
883 611 1098 666 00010313
1123 611 1371 678 quosdam
1399 610 1636 664 uidemus
1663 626 1883 679 quorum
1907 627 2056 679 prae-

18 737 37 772 „3
124 715 142 746 5
180 699 354 752 013330
379 713 526 752 33103
553 699 605 751 01
630 698 783 752 corda
817 698 1021 752 caecata
1057 697 1263 751 nullum
1288 698 1351 750 de
1376 697 1701 764 spiritalibus
1727 713 1785 750 ac
1812 698 2056 751 salutari-

4 769 35 782 ’
177 787 273 839 bus
316 786 527 838 monitis
570 786 745 839 lumen
789 785 1106 849 admittunt,
1149 785 1212 838 de
1255 783 1442 852 quibus
1487 783 1669 836 mirari
1711 798 1812 836 non
1856 784 2056 852 oportet

175 871 310 939 quod
335 872 664 925 contemnant
689 872 743 924 in
769 872 1080 926 tractatibus
1108 887 1319 924 seruum
1338 912 1350 936 ‚
1378 871 1580 938 quando
1606 887 1636 923 a
1658 870 1853 924 talibus
1880 871 2054 939 ipsum

170 958 450 1012 Dominum
476 958 746 1011 uideamus
774 974 882 1011 esse
908 959 1277 1025 contemptum.

20 1111 23 1114 y
239 1042 375 1108 Quid
412 1043 511 1096 tibi
551 1060 669 1097 cum
706 1044 823 1096 istis
862 1044 1052 1112 ineptis
1092 1045 1144 1097 et
1180 1043 1360 1096 stultis
1398 1042 1804 1112 cogitationibus
1830 1043 2051 1110 plaudiS,

4 1132 42 1206 *f
111 1144 152 1177 ιο
167 1129 313 1198 quasi
337 1131 482 1183 metu
527 1130 578 1183 et
619 1130 969 1184 sollicitudine
1013 1130 1306 1182 futurorum
1351 1129 1415 1182 ab
1461 1129 1701 1197 operibus
1739 1129 2052 1182 retarderis?

31 1211 37 1218 ’
168 1218 291 1285 quid
316 1216 528 1269 umbras
554 1217 607 1269 et
631 1216 943 1285 praestigias
963 1217 1211 1284 quasdam
1231 1232 1394 1269 uanae
1415 1217 1754 1269 excusationis
1777 1216 2011 1269 obtendis
2026 1219 2051 1269 ⁶?

165 1302 403 1356 confitere
440 1302 600 1356 immo
639 1318 769 1370 quae
794 1318 916 1356 uera
941 1303 1061 1355 sunt
1088 1303 1139 1356 et
1165 1303 1287 1370 quia
1311 1302 1529 1356 scientes
1554 1318 1655 1356 non
1679 1304 1825 1369 potes
1851 1303 2050 1367 fallere,

165 1390 360 1443 secreta
404 1389 455 1441 et
499 1388 680 1442 abdita
725 1389 915 1442 mentis
963 1403 1215 1456 exprome.
1277 1388 1587 1441 obsederunt
1626 1388 1861 1441 animum
1897 1389 2051 1443 tuum

19 1522 27 1550 .·
164 1474 455 1528 sterilitatis
481 1475 719 1528 tenebrae
764 1476 815 1527 et
859 1476 1123 1528 recedente
1165 1475 1285 1528 inde
1329 1474 1526 1527 lumine
1569 1474 1808 1527 ueritatis
1848 1477 2049 1530 carnale

107 1583 146 1616 15
162 1562 341 1628 pectus
380 1562 490 1615 alta
528 1564 579 1615 et
617 1562 870 1629 profunda
905 1563 1154 1615 auaritiae
1181 1561 1617 1632 caligocaecauit.
1658 1560 1903 1630 pecuniae
1927 1563 2053 1616 tuae

163 1647 400 1714 captiuus
427 1649 478 1700 et
503 1664 682 1702 seruus
709 1665 761 1702 es
781 1691 793 1714 ,
837 1650 1031 1703 catenis
1058 1649 1362 1717 cupiditatis
1390 1649 1442 1702 et
1467 1649 1692 1702 uinculis
1719 1649 1968 1719 alligatus
1995 1664 2049 1702 es

163 1734 215 1786 et
259 1750 412 1801 quem
455 1735 562 1788 iam
607 1736 830 1789 soluerat
856 1735 1091 1789 Christus
1136 1737 1299 1789 denuo
1344 1737 1549 1788 uinctus
1589 1751 1656 1788 es,
1697 1751 1870 1789 seruas
1895 1750 2053 1803 pecu-

163 1818 307 1872 niam
346 1838 475 1889 quae
500 1823 553 1876 te
579 1824 783 1876 seruata
804 1838 904 1876 non
931 1824 1130 1887 seruat,
1170 1823 1544 1890 patrimonium
1573 1822 1807 1874 cumulas
1835 1823 1970 1889 quod
1997 1822 2050 1875 te

31 1963 34 1965 .
161 1907 382 1971 pondere
420 1924 510 1961 suo
549 1910 757 1975 onerat,
798 1925 891 1963 nec
916 1909 1204 1964 meministi
1250 1910 1375 1978 quid
1418 1910 1558 1963 Deus
1602 1910 1923 1977 responderit
1969 1909 2050 1962 di-

31 1991 34 1994 ’
101 2014 144 2048 20
158 1991 258 2045 uiti
293 1995 686 2049 exuberantium
713 1997 978 2050 fructuum
1017 1997 1216 2064 copiam
1262 1997 1426 2049 stulta
1463 1996 1776 2049 exultatione
1814 1996 2048 2049 iactanti.

160 2079 390 2146 stulte,
449 2081 649 2150 inquit,
707 2084 823 2137 1130
869 2084 1062 2137 110010
1118 2083 1584 2152 expostulatur
1646 2082 1858 2136 anima
1912 2084 2046 2136 tua.

160 2180 319 2232 quae
357 2182 508 2236 ergo
546 2170 800 2235 parasti
839 2170 1030 2223 cuius
1069 2170 1294 2223 erunt?
1351 2169 1475 2237 quid
1514 2168 1719 2221 diuitiis
1758 2168 1865 2221 tuis
1905 2169 2044 2222 solus

158 2251 395 2319 incubas,
435 2254 559 2322 quid
585 2255 640 2308 in
664 2271 880 2323 poenam
906 2257 1054 2309 tuam
1079 2256 1383 2325 patrimonii
1407 2256 1607 2323 pondus
1635 2271 1913 2325 exaggeras
1932 2296 1944 2319 ,
1985 2256 2045 2307 ut

160 2352 259 2404 quo
297 2338 603 2408 locupletior
639 2342 841 2395 saeculo
879 2341 1039 2395 fueris
1076 2342 1347 2410 pauperior
1383 2343 1490 2395 Deo
1527 2341 1655 2394 fias?
1692 2341 1889 2394 reditus
1926 2341 2047 2394 tuos

32 2414 39 2458 -”
104 2438 146 2472 25
160 2423 336 2478 diuide
362 2441 480 2479 curn
518 2427 627 2480 Deo
665 2429 784 2493 tuo,
824 2428 1023 2481 fructus
1049 2430 1167 2482 tuos
1193 2428 1387 2497 partire
1413 2443 1532 2480 cum
1560 2427 1790 2491 ChristO,
1832 2426 1912 2480 fac
1940 2427 2042 2480 tibi

159 2511 540 2578 possessionum
565 2514 893 2567 terrestrium
919 2514 1186 2568 Christum
1211 2515 1545 2584 participem,
1584 2516 1645 2568 ut
1668 2516 1720 2567 et
1745 2514 1835 2568 ille
1860 2515 1913 2568 10
1939 2514 2043 2567 sibi

158 2594 316 2649 faciat
341 2613 617 2667 regnorum
642 2601 947 2654 caelestium
976 2602 1292 2655 coheredem.

327 2755 354 2798 2
383 2755 488 2799 Luc.
514 2758 580 2809 16,
605 2758 672 2801 14.
764 2758 818 2801 21
850 2757 953 2801 Luc.
978 2759 1044 2810 12,
1069 2758 1137 2801 20.

243 2899 268 2940 1
299 2898 545 2954 succiperet
567 2899 625 2955 S,
658 2900 949 2957 suscipenint
977 2902 1037 2945 G¹
1175 2902 1203 2945 2
1233 2901 1360 2945 addit
1384 2902 1424 2945 G
1542 2901 1708 2957 dicens]
1732 2900 1887 2944 diuina
1914 2902 1953 2944 G

157 2970 307 3012 autem
328 2982 409 3013 om.
434 2972 498 3016 W
609 2973 638 3015 3
667 2972 923 3016 inridebant
946 2972 1207 3025 SFWGV,
1239 2973 1488 3017 irridebant
1509 2987 1608 3017 eum
1628 2987 1654 3017 v
1769 2974 1798 3016 4
1828 2973 2045 3028 quosdam

161 3041 210 3084 in
230 3041 418 3086 00010313
441 3043 509 3087 Gv
595 3044 620 3087 7
644 3046 931 3100 contempnat
955 3045 1016 3088 G¹
1110 3045 1332 3088 tractibus
1353 3046 1402 3089 F
1484 3046 1512 3089 8
1541 3045 1615 3088 dm
1638 3045 1722 3089 SG
1807 3047 1835 3088 9
1867 3058 1965 3088 cum
1982 3044 2046 3099 F,

157 3112 207 3156 in
232 3113 360 3166 WG,
384 3126 467 3158 om.
486 3113 544 3169 S,·
566 3115 624 3169 cf.
643 3129 692 3170 p.
714 3118 818 3168 190,
841 3119 899 3160 19
1015 3117 1198 3172 plaudes
1219 3117 1270 3160 F
1395 3117 1449 3161 11
1480 3130 1619 3160 uanas
1642 3116 1678 3160 S
1809 3117 1864 3160 12
1892 3119 2045 3173 potest

169 3183 251 3228 SG
338 3186 394 3230 13
422 3186 682 3230 obsiderunt
710 3187 752 3232 G
857 3187 914 3232 14
943 3188 1210 3232 sterelitatis
1232 3189 1338 3234 WG
1427 3190 1483 3233 15
1513 3188 1708 3232 auaritia
1729 3189 1790 3233 W
1893 3189 1947 3232 18
1977 3190 2040 3245 te]

158 3271 185 3302 a
203 3259 250 3302 10
278 3258 320 3302 G
436 3259 492 3303 19
521 3259 706 3315 grauius
727 3262 883 3304 onerat
901 3275 929 3306 v
1046 3260 1173 3317 quid.
1192 3294 1202 3303 .
1241 3261 1378 3305 diuiti
1403 3274 1484 3305 om.
1510 3261 1548 3305 S
1655 3260 1714 3304 20
1743 3259 1867 3316 copia
1897 3259 2041 3303 stulta

159 3342 205 3373 30
230 3329 272 3374 V
357 3330 626 3374 exaltatione
650 3331 691 3373 G
777 3332 833 3375 21
862 3333 944 3375 tua
964 3346 990 3376 a
1010 3334 1055 3376 te
1076 3347 1103 3377 v
1189 3333 1246 3377 22
1277 3333 1348 3377 031
1375 3333 1419 3377 V
1514 3332 1607 3375 tuis
1629 3344 1711 3375 om.
1734 3330 1774 3375 S
1885 3331 1941 3374 23
1971 3331 2043 3375 in-

157 3401 336 3445 cumbas
357 3401 408 3446 F
487 3403 748 3459 patrimonii
769 3404 954 3449 SFWG
963 3405 1022 3458 V,
1054 3407 1171 3463 patr.
1193 3406 1264 3450 tui
1284 3421 1311 3451 v
1407 3406 1465 3449 24
1495 3404 1696 3449 redditus
1723 3406 1782 3447 G¹
1877 3404 1934 3448 25
1963 3404 2032 3448 di-

157 3471 306 3516 uide..
327 3475 446 3517 .tuos
464 3486 546 3518 om.
565 3472 602 3518 S
686 3474 766 3520 deo
787 3475 968 3529 FWV,
999 3466 1084 3521 dn‘o
1113 3477 1174 3531 G,
1209 3477 1386 3521 domino
1407 3476 1486 3520 deo
1506 3490 1532 3521 v
1639 3476 1696 3519 26
1726 3489 1776 3518 ex
1795 3488 1908 3532 poss.
1930 3477 2040 3520 terr.

157 3545 375 3598 prouentu
394 3558 423 3590 v
511 3545 775 3602 participem
796 3546 1016 3591 christum
1036 3548 1077 3591 G

2079 1037 2148 1089 13
