<?xml version="1.0" encoding="UTF-8"?>
<!DOCTYPE html PUBLIC "-//W3C//DTD XHTML 1.0 Transitional//EN"
    "http://www.w3.org/TR/xhtml1/DTD/xhtml1-transitional.dtd">
<html xmlns="http://www.w3.org/1999/xhtml" xml:lang="en" lang="en">
 <head>
  <title>
</title>
<meta http-equiv="Content-Type" content="text/html;charset=utf-8" />
  <meta name='ocr-system' content='tesseract 3.04.00' />
  <meta name='ocr-capabilities' content='ocr_page ocr_carea ocr_par ocr_line ocrx_word'/>
</head>
<body>
  <div class='ocr_page' id='page_1' title='image "./sthascicaecilicy03cypruoft_0384.png"; bbox 0 0 2332 3978; ppageno 0'>
   <div class='ocr_carea' id='block_1_1' title="bbox 1683 0 2332 416">
    <p class='ocr_par' dir='ltr' id='par_1_1' title="bbox 1683 0 2332 416">
     <span class='ocr_line' id='line_1_1' title="bbox 1683 0 2332 416; baseline 0 3562"><span class='ocrx_word' id='word_1_1' title='bbox 1683 0 2332 416; x_wconf 95' lang='lat' dir='ltr'> </span> 
     </span>
    </p>
   </div>
   <div class='ocr_carea' id='block_1_2' title="bbox 333 320 1517 386">
    <p class='ocr_par' dir='ltr' id='par_1_2' title="bbox 333 320 1517 386">
     <span class='ocr_line' id='line_1_2' title="bbox 333 320 1517 386; baseline -0.019 0"><span class='ocrx_word' id='word_1_2' title='bbox 333 331 439 386; x_wconf 84' lang='lat'>374</span> <span class='ocrx_word' id='word_1_3' title='bbox 973 323 1215 371; x_wconf 85' lang='lat' dir='ltr'>Caecilii</span> <span class='ocrx_word' id='word_1_4' title='bbox 1246 320 1517 379; x_wconf 87' lang='lat' dir='ltr'>Cypriani</span> 
     </span>
    </p>
   </div>
   <div class='ocr_carea' id='block_1_3' title="bbox 283 449 2332 2592">
    <p class='ocr_par' dir='ltr' id='par_1_3' title="bbox 332 449 2293 613">
     <span class='ocr_line' id='line_1_3' title="bbox 332 449 2293 523; baseline -0.005 -12"><span class='ocrx_word' id='word_1_5' title='bbox 332 459 486 523; x_wconf 88' lang='lat' dir='ltr'>riret,</span> <span class='ocrx_word' id='word_1_6' title='bbox 527 458 586 510; x_wconf 94' lang='lat' dir='ltr'>ut</span> <span class='ocrx_word' id='word_1_7' title='bbox 629 456 800 509; x_wconf 89' lang='lat' dir='ltr'>sordes</span> <span class='ocrx_word' id='word_1_8' title='bbox 845 455 1176 522; x_wconf 87' lang='lat' dir='ltr'>postmodum</span> <span class='ocrx_word' id='word_1_9' title='bbox 1219 466 1567 521; x_wconf 80' lang='lat' dir='ltr'>quascumque</span> <span class='ocrx_word' id='word_1_10' title='bbox 1613 449 1964 503; x_wconf 74' lang='lat' dir='ltr'>contrahimus</span> <span class='ocrx_word' id='word_1_11' title='bbox 1991 449 2213 503; x_wconf 88' lang='lat' dir='ltr'>eleemo-</span> <span class='ocrx_word' id='word_1_12' title='bbox 2287 462 2293 470; x_wconf 43' lang='lat'>‘¹</span> 
     </span>
     <span class='ocr_line' id='line_1_4' title="bbox 332 543 785 613; baseline -0.007 -16"><span class='ocrx_word' id='word_1_13' title='bbox 332 544 471 613; x_wconf 88' lang='lat' dir='ltr'>synis</span> <span class='ocrx_word' id='word_1_14' title='bbox 500 543 785 595; x_wconf 76' lang='lat' dir='ltr'>abluamus</span> 
     </span>
    </p>

    <p class='ocr_par' dir='ltr' id='par_1_4' title="bbox 283 621 2332 2592">
     <span class='ocr_line' id='line_1_5' title="bbox 283 621 2284 696; baseline -0.003 -14"><span class='ocrx_word' id='word_1_15' title='bbox 283 633 312 682; x_wconf 84' lang='lat'><strong>2</strong></span> <span class='ocrx_word' id='word_1_16' title='bbox 401 629 650 696; x_wconf 79' lang='lat' dir='ltr'>Loquitur</span> <span class='ocrx_word' id='word_1_17' title='bbox 669 629 723 681; x_wconf 90' lang='lat' dir='ltr'>in</span> <span class='ocrx_word' id='word_1_18' title='bbox 744 627 1012 695; x_wconf 83' lang='lat' dir='ltr'>seripturis</span> <span class='ocrx_word' id='word_1_19' title='bbox 1033 625 1256 693; x_wconf 76' lang='lat' dir='ltr'>Spiritus</span> <span class='ocrx_word' id='word_1_20' title='bbox 1283 624 1487 676; x_wconf 84' lang='lat' dir='ltr'>sanetus</span> <span class='ocrx_word' id='word_1_21' title='bbox 1514 622 1565 675; x_wconf 90' lang='lat' dir='ltr'>et</span> <span class='ocrx_word' id='word_1_22' title='bbox 1591 622 1745 675; x_wconf 81' lang='lat' dir='ltr'>dicit:</span> <span class='ocrx_word' id='word_1_23' title='bbox 1784 621 2213 692; x_wconf 88' lang='lat' dir='ltr'>eleemosynis</span> <span class='ocrx_word' id='word_1_24' title='bbox 2281 654 2284 657; x_wconf 91' lang='lat'>-</span> 
     </span>
     <span class='ocr_line' id='line_1_6' title="bbox 330 708 2213 782; baseline -0.003 -15"><span class='ocrx_word' id='word_1_25' title='bbox 330 716 389 767; x_wconf 90' lang='lat' dir='ltr'>et</span> <span class='ocrx_word' id='word_1_26' title='bbox 438 715 569 766; x_wconf 90' lang='lat' dir='ltr'>fide</span> <span class='ocrx_word' id='word_1_27' title='bbox 620 714 861 766; x_wconf 81' lang='lat' dir='ltr'>delicta</span> <span class='ocrx_word' id='word_1_28' title='bbox 911 712 1286 782; x_wconf 91' lang='lat' dir='ltr'>purgantur.</span> <span class='ocrx_word' id='word_1_29' title='bbox 1345 724 1446 762; x_wconf 92' lang='lat' dir='ltr'>non</span> <span class='ocrx_word' id='word_1_30' title='bbox 1490 708 1670 775; x_wconf 89' lang='lat' dir='ltr'>utique</span> <span class='ocrx_word' id='word_1_31' title='bbox 1716 708 1808 760; x_wconf 93' lang='lat' dir='ltr'>illa</span> <span class='ocrx_word' id='word_1_32' title='bbox 1852 708 2041 762; x_wconf 80' lang='lat' dir='ltr'>delicta</span> <span class='ocrx_word' id='word_1_33' title='bbox 2085 724 2213 776; x_wconf 88' lang='lat' dir='ltr'>quae</span> 
     </span>
     <span class='ocr_line' id='line_1_7' title="bbox 329 780 2310 863; baseline -0.003 -11"><span class='ocrx_word' id='word_1_34' title='bbox 329 800 531 852; x_wconf 86' lang='lat' dir='ltr'>fuerant</span> <span class='ocrx_word' id='word_1_35' title='bbox 576 801 691 852; x_wconf 86' lang='lat' dir='ltr'>ante</span> <span class='ocrx_word' id='word_1_36' title='bbox 736 800 1021 852; x_wconf 82' lang='lat' dir='ltr'>eontracta:</span> <span class='ocrx_word' id='word_1_37' title='bbox 1061 815 1181 851; x_wconf 91' lang='lat' dir='ltr'>nam</span> <span class='ocrx_word' id='word_1_38' title='bbox 1219 797 1311 850; x_wconf 88' lang='lat' dir='ltr'>illa</span> <span class='ocrx_word' id='word_1_39' title='bbox 1351 794 1543 848; x_wconf 78' lang='lat' dir='ltr'>Christi</span> <span class='ocrx_word' id='word_1_40' title='bbox 1570 795 1817 863; x_wconf 89' lang='lat' dir='ltr'>sanguine</span> <span class='ocrx_word' id='word_1_41' title='bbox 1843 797 1895 848; x_wconf 89' lang='lat' dir='ltr'>et</span> <span class='ocrx_word' id='word_1_42' title='bbox 1922 780 2214 849; x_wconf 82' lang='lat' dir='ltr'>sanetifiea-</span> <span class='ocrx_word' id='word_1_43' title='bbox 2251 816 2270 846; x_wconf 70' lang='grc' dir='ltr'>ε»</span> <span class='ocrx_word' id='word_1_44' title='bbox 2307 808 2310 818; x_wconf 74' lang='grc'><strong>’</strong></span> 
     </span>
     <span class='ocr_line' id='line_1_8' title="bbox 328 882 2213 955; baseline -0.002 -16"><span class='ocrx_word' id='word_1_45' title='bbox 328 888 466 939; x_wconf 90' lang='lat' dir='ltr'>tione</span> <span class='ocrx_word' id='word_1_46' title='bbox 506 887 807 955; x_wconf 85' lang='lat' dir='ltr'>purgantur.</span> <span class='ocrx_word' id='word_1_47' title='bbox 866 886 992 937; x_wconf 89' lang='lat' dir='ltr'>item</span> <span class='ocrx_word' id='word_1_48' title='bbox 1032 885 1193 936; x_wconf 89' lang='lat' dir='ltr'>denuo</span> <span class='ocrx_word' id='word_1_49' title='bbox 1246 882 1398 935; x_wconf 76' lang='lat' dir='ltr'>dicit:</span> <span class='ocrx_word' id='word_1_50' title='bbox 1453 882 1630 934; x_wconf 87' lang='lat' dir='ltr'>sicut</span> <span class='ocrx_word' id='word_1_51' title='bbox 1669 898 1830 949; x_wconf 89' lang='lat' dir='ltr'>aqua</span> <span class='ocrx_word' id='word_1_52' title='bbox 1867 882 2079 951; x_wconf 89' lang='lat' dir='ltr'>ignem</span> <span class='ocrx_word' id='word_1_53' title='bbox 2118 898 2213 935; x_wconf 85' lang='lat' dir='ltr'>ex-</span> 
     </span>
     <span class='ocr_line' id='line_1_9' title="bbox 329 968 2212 1041; baseline -0.003 -16"><span class='ocrx_word' id='word_1_54' title='bbox 329 974 610 1041; x_wconf 81' lang='lat' dir='ltr'>tinguet,</span> <span class='ocrx_word' id='word_1_55' title='bbox 639 973 729 1024; x_wconf 86' lang='lat' dir='ltr'>sie</span> <span class='ocrx_word' id='word_1_56' title='bbox 772 972 1168 1038; x_wconf 76' lang='lat' dir='ltr'>eleemosyna</span> <span class='ocrx_word' id='word_1_57' title='bbox 1207 969 1551 1037; x_wconf 82' lang='lat' dir='ltr'>extinguet</span> <span class='ocrx_word' id='word_1_58' title='bbox 1588 970 1940 1036; x_wconf 85' lang='lat' dir='ltr'>peceatum.</span> <span class='ocrx_word' id='word_1_59' title='bbox 1981 968 2065 1022; x_wconf 83' lang='lat' dir='ltr'>hic</span> <span class='ocrx_word' id='word_1_60' title='bbox 2086 983 2212 1035; x_wconf 91' lang='lat' dir='ltr'>quo-</span> 
     </span>
     <span class='ocr_line' id='line_1_10' title="bbox 329 1055 2210 1126; baseline -0.002 -15"><span class='ocrx_word' id='word_1_61' title='bbox 329 1076 425 1126; x_wconf 83' lang='lat' dir='ltr'>que</span> <span class='ocrx_word' id='word_1_62' title='bbox 451 1059 740 1111; x_wconf 67' lang='lat' dir='ltr'>ostend-itur</span> <span class='ocrx_word' id='word_1_63' title='bbox 766 1059 816 1110; x_wconf 92' lang='lat' dir='ltr'>et</span> <span class='ocrx_word' id='word_1_64' title='bbox 843 1057 1085 1124; x_wconf 89' lang='lat' dir='ltr'>probatur</span> <span class='ocrx_word' id='word_1_65' title='bbox 1111 1056 1231 1123; x_wconf 92' lang='lat' dir='ltr'>quia</span> <span class='ocrx_word' id='word_1_66' title='bbox 1256 1055 1391 1108; x_wconf 84' lang='lat' dir='ltr'>siout</span> <span class='ocrx_word' id='word_1_67' title='bbox 1417 1055 1623 1107; x_wconf 83' lang='lat' dir='ltr'>lauacro</span> <span class='ocrx_word' id='word_1_68' title='bbox 1649 1070 1810 1122; x_wconf 90' lang='lat' dir='ltr'>aquae</span> <span class='ocrx_word' id='word_1_69' title='bbox 1837 1055 2081 1108; x_wconf 86' lang='lat' dir='ltr'>salutaris</span> <span class='ocrx_word' id='word_1_70' title='bbox 2119 1070 2210 1123; x_wconf 89' lang='lat' dir='ltr'>ge-</span> 
     </span>
     <span class='ocr_line' id='line_1_11' title="bbox 327 1138 2332 1222; baseline -0.002 -24"><span class='ocrx_word' id='word_1_71' title='bbox 327 1147 520 1198; x_wconf 85' lang='lat' dir='ltr'>hennae</span> <span class='ocrx_word' id='word_1_72' title='bbox 559 1146 692 1213; x_wconf 91' lang='lat' dir='ltr'>ignis</span> <span class='ocrx_word' id='word_1_73' title='bbox 732 1143 1075 1212; x_wconf 78' lang='lat' dir='ltr'>extinguitur,</span> <span class='ocrx_word' id='word_1_74' title='bbox 1134 1142 1208 1194; x_wconf 87' lang='lat' dir='ltr'>ita</span> <span class='ocrx_word' id='word_1_75' title='bbox 1248 1141 1582 1209; x_wconf 89' lang='lat' dir='ltr'>eleemosynis</span> <span class='ocrx_word' id='word_1_76' title='bbox 1622 1142 1787 1208; x_wconf 88' lang='lat' dir='ltr'>adque</span> <span class='ocrx_word' id='word_1_77' title='bbox 1827 1141 2209 1207; x_wconf 83' lang='lat' dir='ltr'>operationibus</span> <span class='ocrx_word' id='word_1_78' title='bbox 2316 1138 2332 1222; x_wconf 58' lang='lat' dir='ltr'>j}</span> 
     </span>
     <span class='ocr_line' id='line_1_12' title="bbox 325 1227 2268 1295; baseline 0 -12"><span class='ocrx_word' id='word_1_79' title='bbox 325 1232 475 1283; x_wconf 87' lang='lat' dir='ltr'>iustis</span> <span class='ocrx_word' id='word_1_80' title='bbox 503 1231 808 1283; x_wconf 72' lang='lat' dir='ltr'>delictorum</span> <span class='ocrx_word' id='word_1_81' title='bbox 845 1229 1056 1281; x_wconf 88' lang='lat' dir='ltr'>flamma</span> <span class='ocrx_word' id='word_1_82' title='bbox 1095 1228 1308 1295; x_wconf 87' lang='lat' dir='ltr'>sopitur.</span> <span class='ocrx_word' id='word_1_83' title='bbox 1349 1228 1399 1279; x_wconf 88' lang='lat' dir='ltr'>et</span> <span class='ocrx_word' id='word_1_84' title='bbox 1427 1227 1548 1294; x_wconf 90' lang='lat' dir='ltr'>quia</span> <span class='ocrx_word' id='word_1_85' title='bbox 1575 1228 1734 1280; x_wconf 88' lang='lat' dir='ltr'>semel</span> <span class='ocrx_word' id='word_1_86' title='bbox 1759 1228 1813 1280; x_wconf 93' lang='lat' dir='ltr'>in</span> <span class='ocrx_word' id='word_1_87' title='bbox 1840 1227 2099 1294; x_wconf 87' lang='lat' dir='ltr'>baptismo</span> <span class='ocrx_word' id='word_1_88' title='bbox 2126 1243 2207 1280; x_wconf 84' lang='lat' dir='ltr'>re·</span> <span class='ocrx_word' id='word_1_89' title='bbox 2227 1252 2268 1283; x_wconf 90' lang='lat'>10</span> 
     </span>
     <span class='ocr_line' id='line_1_13' title="bbox 323 1303 2332 1383; baseline -0.001 -14"><span class='ocrx_word' id='word_1_90' title='bbox 323 1318 479 1370; x_wconf 89' lang='lat' dir='ltr'>missa</span> <span class='ocrx_word' id='word_1_91' title='bbox 504 1318 828 1383; x_wconf 81' lang='lat' dir='ltr'>peecatorum</span> <span class='ocrx_word' id='word_1_92' title='bbox 855 1316 1022 1379; x_wconf 88' lang='lat' dir='ltr'>datur,</span> <span class='ocrx_word' id='word_1_93' title='bbox 1053 1315 1266 1367; x_wconf 88' lang='lat' dir='ltr'>adsidua</span> <span class='ocrx_word' id='word_1_94' title='bbox 1294 1317 1344 1367; x_wconf 90' lang='lat' dir='ltr'>et</span> <span class='ocrx_word' id='word_1_95' title='bbox 1362 1314 1499 1383; x_wconf 89' lang='lat' dir='ltr'>iugis</span> <span class='ocrx_word' id='word_1_96' title='bbox 1521 1314 1748 1381; x_wconf 85' lang='lat' dir='ltr'>operatio</span> <span class='ocrx_word' id='word_1_97' title='bbox 1770 1313 2018 1380; x_wconf 89' lang='lat' dir='ltr'>baptismi</span> <span class='ocrx_word' id='word_1_98' title='bbox 2044 1314 2209 1367; x_wconf 89' lang='lat' dir='ltr'>instar</span> <span class='ocrx_word' id='word_1_99' title='bbox 2321 1303 2332 1321; x_wconf 64' lang='grc'><em>”</em></span> 
     </span>
     <span class='ocr_line' id='line_1_14' title="bbox 322 1400 2210 1470; baseline -0.002 -15"><span class='ocrx_word' id='word_1_100' title='bbox 322 1403 530 1455; x_wconf 89' lang='lat' dir='ltr'>imitata</span> <span class='ocrx_word' id='word_1_101' title='bbox 575 1402 671 1455; x_wconf 90' lang='lat' dir='ltr'>Dei</span> <span class='ocrx_word' id='word_1_102' title='bbox 711 1417 886 1454; x_wconf 89' lang='lat' dir='ltr'>rursus</span> <span class='ocrx_word' id='word_1_103' title='bbox 932 1401 1312 1470; x_wconf 83' lang='lat' dir='ltr'>indulgentiam</span> <span class='ocrx_word' id='word_1_104' title='bbox 1350 1401 1620 1469; x_wconf 86' lang='lat' dir='ltr'>largiatur.</span> <span class='ocrx_word' id='word_1_105' title='bbox 1678 1402 1771 1453; x_wconf 85' lang='lat' dir='ltr'>hoe</span> <span class='ocrx_word' id='word_1_106' title='bbox 1799 1402 1849 1453; x_wconf 92' lang='lat' dir='ltr'>et</span> <span class='ocrx_word' id='word_1_107' title='bbox 1875 1400 2128 1453; x_wconf 90' lang='lat' dir='ltr'>Dominus</span> <span class='ocrx_word' id='word_1_108' title='bbox 2154 1401 2210 1452; x_wconf 90' lang='lat' dir='ltr'>in</span> 
     </span>
     <span class='ocr_line' id='line_1_15' title="bbox 321 1487 2203 1558; baseline -0.001 -17"><span class='ocrx_word' id='word_1_109' title='bbox 321 1489 586 1558; x_wconf 87' lang='lat' dir='ltr'>euangelio</span> <span class='ocrx_word' id='word_1_110' title='bbox 614 1489 775 1541; x_wconf 88' lang='lat' dir='ltr'>doeet.</span> <span class='ocrx_word' id='word_1_111' title='bbox 815 1505 935 1541; x_wconf 90' lang='lat' dir='ltr'>nam</span> <span class='ocrx_word' id='word_1_112' title='bbox 974 1505 1092 1541; x_wconf 86' lang='lat' dir='ltr'>eum</span> <span class='ocrx_word' id='word_1_113' title='bbox 1132 1488 1497 1541; x_wconf 84' lang='lat' dir='ltr'>denotarentur</span> <span class='ocrx_word' id='word_1_114' title='bbox 1523 1487 1765 1554; x_wconf 73' lang='lat' dir='ltr'>discipuli</span> <span class='ocrx_word' id='word_1_115' title='bbox 1791 1487 1899 1539; x_wconf 91' lang='lat' dir='ltr'>eius</span> <span class='ocrx_word' id='word_1_116' title='bbox 1927 1487 2062 1554; x_wconf 88' lang='lat' dir='ltr'>quod</span> <span class='ocrx_word' id='word_1_117' title='bbox 2087 1488 2203 1539; x_wconf 91' lang='lat' dir='ltr'>ede-</span> 
     </span>
     <span class='ocr_line' id='line_1_16' title="bbox 321 1574 2207 1643; baseline 0 -17"><span class='ocrx_word' id='word_1_118' title='bbox 321 1577 433 1627; x_wconf 83' lang='lat' dir='ltr'>rent</span> <span class='ocrx_word' id='word_1_119' title='bbox 459 1591 549 1628; x_wconf 87' lang='lat' dir='ltr'>nee</span> <span class='ocrx_word' id='word_1_120' title='bbox 576 1576 718 1643; x_wconf 87' lang='lat' dir='ltr'>prius</span> <span class='ocrx_word' id='word_1_121' title='bbox 745 1591 927 1627; x_wconf 89' lang='lat' dir='ltr'>manus</span> <span class='ocrx_word' id='word_1_122' title='bbox 955 1575 1265 1639; x_wconf 78' lang='lat' dir='ltr'>abluissent,</span> <span class='ocrx_word' id='word_1_123' title='bbox 1306 1574 1567 1643; x_wconf 82' lang='lat' dir='ltr'>respondit</span> <span class='ocrx_word' id='word_1_124' title='bbox 1595 1577 1645 1627; x_wconf 91' lang='lat' dir='ltr'>et</span> <span class='ocrx_word' id='word_1_125' title='bbox 1683 1574 1837 1626; x_wconf 79' lang='lat' dir='ltr'>dixit:</span> <span class='ocrx_word' id='word_1_126' title='bbox 1898 1574 2005 1641; x_wconf 87' lang='lat' dir='ltr'>qui</span> <span class='ocrx_word' id='word_1_127' title='bbox 2044 1574 2070 1626; x_wconf 82' lang='lat' dir='ltr'>s</span> <span class='ocrx_word' id='word_1_128' title='bbox 2077 1575 2207 1626; x_wconf 79' lang='lat' dir='ltr'>ecit</span> 
     </span>
     <span class='ocr_line' id='line_1_17' title="bbox 321 1660 2260 1729; baseline -0.001 -16"><span class='ocrx_word' id='word_1_129' title='bbox 321 1662 482 1727; x_wconf 87' lang='lat' dir='ltr'>quod</span> <span class='ocrx_word' id='word_1_130' title='bbox 521 1663 614 1713; x_wconf 88' lang='lat' dir='ltr'>est</span> <span class='ocrx_word' id='word_1_131' title='bbox 652 1662 832 1713; x_wconf 89' lang='lat' dir='ltr'>intus</span> <span class='ocrx_word' id='word_1_132' title='bbox 873 1660 1032 1714; x_wconf 84' lang='lat' dir='ltr'>feeit</span> <span class='ocrx_word' id='word_1_133' title='bbox 1071 1663 1130 1713; x_wconf 93' lang='lat' dir='ltr'>et</span> <span class='ocrx_word' id='word_1_134' title='bbox 1171 1662 1333 1729; x_wconf 89' lang='lat' dir='ltr'>quod</span> <span class='ocrx_word' id='word_1_135' title='bbox 1390 1661 1558 1714; x_wconf 87' lang='lat' dir='ltr'>foris</span> <span class='ocrx_word' id='word_1_136' title='bbox 1617 1662 1732 1714; x_wconf 88' lang='lat' dir='ltr'>est.</span> <span class='ocrx_word' id='word_1_137' title='bbox 1794 1677 2015 1713; x_wconf 91' lang='lat' dir='ltr'>uerum</span> <span class='ocrx_word' id='word_1_138' title='bbox 2055 1661 2260 1714; x_wconf 72' lang='lat' dir='ltr'>dateis</span> 
     </span>
     <span class='ocr_line' id='line_1_18' title="bbox 320 1748 2203 1815; baseline 0 -16"><span class='ocrx_word' id='word_1_139' title='bbox 320 1748 816 1815; x_wconf 74' lang='lat' dir='ltr'>eleemosynam,</span> <span class='ocrx_word' id='word_1_140' title='bbox 882 1750 944 1800; x_wconf 90' lang='lat' dir='ltr'>et</span> <span class='ocrx_word' id='word_1_141' title='bbox 1002 1765 1143 1800; x_wconf 90' lang='grc'>6666</span> <span class='ocrx_word' id='word_1_142' title='bbox 1200 1748 1381 1801; x_wconf 89' lang='lat' dir='ltr'>uobis</span> <span class='ocrx_word' id='word_1_143' title='bbox 1439 1749 1668 1800; x_wconf 90' lang='lat' dir='ltr'>munda</span> <span class='ocrx_word' id='word_1_144' title='bbox 1708 1748 1957 1811; x_wconf 90' lang='lat' dir='ltr'>omnia,</span> <span class='ocrx_word' id='word_1_145' title='bbox 2022 1748 2203 1800; x_wconf 83' lang='lat' dir='ltr'>doeens</span> 
     </span>
     <span class='ocr_line' id='line_1_19' title="bbox 319 1834 2206 1902; baseline 0.001 -17"><span class='ocrx_word' id='word_1_146' title='bbox 319 1834 514 1886; x_wconf 83' lang='lat' dir='ltr'>scilieet</span> <span class='ocrx_word' id='word_1_147' title='bbox 541 1837 591 1887; x_wconf 89' lang='lat' dir='ltr'>et</span> <span class='ocrx_word' id='word_1_148' title='bbox 618 1835 888 1887; x_wconf 89' lang='lat' dir='ltr'>ostendens</span> <span class='ocrx_word' id='word_1_149' title='bbox 915 1852 1014 1888; x_wconf 94' lang='lat' dir='ltr'>non</span> <span class='ocrx_word' id='word_1_150' title='bbox 1041 1851 1223 1888; x_wconf 88' lang='lat' dir='ltr'>manus</span> <span class='ocrx_word' id='word_1_151' title='bbox 1249 1836 1499 1888; x_wconf 89' lang='lat' dir='ltr'>lauandas</span> <span class='ocrx_word' id='word_1_152' title='bbox 1528 1851 1636 1888; x_wconf 88' lang='lat' dir='ltr'>esse</span> <span class='ocrx_word' id='word_1_153' title='bbox 1664 1836 1751 1887; x_wconf 91' lang='lat' dir='ltr'>sed</span> <span class='ocrx_word' id='word_1_154' title='bbox 1789 1838 1968 1902; x_wconf 84' lang='lat' dir='ltr'>peetus</span> <span class='ocrx_word' id='word_1_155' title='bbox 2007 1836 2058 1887; x_wconf 91' lang='lat' dir='ltr'>et</span> <span class='ocrx_word' id='word_1_156' title='bbox 2099 1849 2206 1886; x_wconf 92' lang='lat' dir='ltr'>sor-</span> 
     </span>
     <span class='ocr_line' id='line_1_20' title="bbox 319 1920 2202 1989; baseline 0.001 -18"><span class='ocrx_word' id='word_1_157' title='bbox 319 1920 406 1972; x_wconf 86' lang='lat' dir='ltr'>des</span> <span class='ocrx_word' id='word_1_158' title='bbox 434 1921 739 1974; x_wconf 84' lang='lat' dir='ltr'>intrinseeus</span> <span class='ocrx_word' id='word_1_159' title='bbox 765 1921 937 1988; x_wconf 86' lang='lat' dir='ltr'>potius</span> <span class='ocrx_word' id='word_1_160' title='bbox 966 1938 1122 1989; x_wconf 87' lang='lat' dir='ltr'>quam</span> <span class='ocrx_word' id='word_1_161' title='bbox 1149 1922 1464 1974; x_wconf 81' lang='lat' dir='ltr'>extrinsecus</span> <span class='ocrx_word' id='word_1_162' title='bbox 1492 1923 1863 1987; x_wconf 79' lang='lat' dir='ltr'>detrahendaS,</span> <span class='ocrx_word' id='word_1_163' title='bbox 1905 1938 2085 1975; x_wconf 86' lang='lat' dir='ltr'>uerum</span> <span class='ocrx_word' id='word_1_164' title='bbox 2114 1922 2202 1988; x_wconf 90' lang='lat' dir='ltr'>qui</span> 
     </span>
     <span class='ocr_line' id='line_1_21' title="bbox 318 2007 2203 2076; baseline 0.001 -18"><span class='ocrx_word' id='word_1_165' title='bbox 318 2007 617 2074; x_wconf 88' lang='lat' dir='ltr'>purgauerit</span> <span class='ocrx_word' id='word_1_166' title='bbox 665 2008 799 2074; x_wconf 89' lang='lat' dir='ltr'>quod</span> <span class='ocrx_word' id='word_1_167' title='bbox 844 2010 922 2060; x_wconf 92' lang='lat' dir='ltr'>est</span> <span class='ocrx_word' id='word_1_168' title='bbox 966 2009 1105 2061; x_wconf 88' lang='lat' dir='ltr'>intus</span> <span class='ocrx_word' id='word_1_169' title='bbox 1151 2025 1269 2061; x_wconf 89' lang='lat' dir='ltr'>eum</span> <span class='ocrx_word' id='word_1_170' title='bbox 1307 2024 1505 2076; x_wconf 85' lang='lat' dir='ltr'>quoque</span> <span class='ocrx_word' id='word_1_171' title='bbox 1531 2009 1586 2062; x_wconf 92' lang='lat' dir='ltr'>id</span> <span class='ocrx_word' id='word_1_172' title='bbox 1612 2010 1746 2076; x_wconf 88' lang='lat' dir='ltr'>quod</span> <span class='ocrx_word' id='word_1_173' title='bbox 1772 2009 1896 2062; x_wconf 86' lang='lat' dir='ltr'>foris</span> <span class='ocrx_word' id='word_1_174' title='bbox 1925 2009 2001 2062; x_wconf 89' lang='lat' dir='ltr'>est</span> <span class='ocrx_word' id='word_1_175' title='bbox 2027 2023 2203 2075; x_wconf 87' lang='lat' dir='ltr'>repur-</span> 
     </span>
     <span class='ocr_line' id='line_1_22' title="bbox 319 2094 2261 2163; baseline 0.004 -19"><span class='ocrx_word' id='word_1_176' title='bbox 319 2108 466 2160; x_wconf 91' lang='lat' dir='ltr'>gasse</span> <span class='ocrx_word' id='word_1_177' title='bbox 506 2096 556 2145; x_wconf 90' lang='lat' dir='ltr'>et</span> <span class='ocrx_word' id='word_1_178' title='bbox 596 2095 870 2146; x_wconf 86' lang='lat' dir='ltr'>emundata</span> <span class='ocrx_word' id='word_1_179' title='bbox 908 2094 1079 2147; x_wconf 89' lang='lat' dir='ltr'>mente</span> <span class='ocrx_word' id='word_1_180' title='bbox 1119 2096 1234 2147; x_wconf 81' lang='lat' dir='ltr'>oute</span> <span class='ocrx_word' id='word_1_181' title='bbox 1275 2112 1474 2162; x_wconf 90' lang='lat' dir='ltr'>quoque</span> <span class='ocrx_word' id='word_1_182' title='bbox 1501 2097 1552 2148; x_wconf 90' lang='lat' dir='ltr'>et</span> <span class='ocrx_word' id='word_1_183' title='bbox 1581 2110 1786 2163; x_wconf 81' lang='lat' dir='ltr'>corpore</span> <span class='ocrx_word' id='word_1_184' title='bbox 1813 2096 2067 2148; x_wconf 90' lang='lat' dir='ltr'>mundum</span> <span class='ocrx_word' id='word_1_185' title='bbox 2095 2110 2203 2147; x_wconf 89' lang='lat' dir='ltr'>esse</span> <span class='ocrx_word' id='word_1_186' title='bbox 2220 2120 2261 2152; x_wconf 86' lang='lat'>20</span> 
     </span>
     <span class='ocr_line' id='line_1_23' title="bbox 318 2180 2205 2249; baseline 0.001 -18"><span class='ocrx_word' id='word_1_187' title='bbox 318 2180 556 2246; x_wconf 78' lang='lat' dir='ltr'>coepisse.</span> <span class='ocrx_word' id='word_1_188' title='bbox 595 2196 741 2245; x_wconf 85' lang='lat' dir='ltr'>porro</span> <span class='ocrx_word' id='word_1_189' title='bbox 781 2182 955 2233; x_wconf 88' lang='lat' dir='ltr'>autem</span> <span class='ocrx_word' id='word_1_190' title='bbox 982 2196 1190 2234; x_wconf 90' lang='lat' dir='ltr'>monens</span> <span class='ocrx_word' id='word_1_191' title='bbox 1218 2183 1269 2234; x_wconf 92' lang='lat' dir='ltr'>et</span> <span class='ocrx_word' id='word_1_192' title='bbox 1296 2182 1564 2235; x_wconf 81' lang='lat' dir='ltr'>ostendens</span> <span class='ocrx_word' id='word_1_193' title='bbox 1603 2182 1736 2234; x_wconf 89' lang='lat' dir='ltr'>unde</span> <span class='ocrx_word' id='word_1_194' title='bbox 1774 2181 1955 2234; x_wconf 92' lang='lat' dir='ltr'>mundi</span> <span class='ocrx_word' id='word_1_195' title='bbox 1994 2182 2046 2233; x_wconf 92' lang='lat' dir='ltr'>et</span> <span class='ocrx_word' id='word_1_196' title='bbox 2082 2197 2205 2249; x_wconf 90' lang='lat' dir='ltr'>pur—</span> 
     </span>
     <span class='ocr_line' id='line_1_24' title="bbox 317 2266 2202 2336; baseline 0.001 -19"><span class='ocrx_word' id='word_1_197' title='bbox 317 2266 427 2333; x_wconf 88' lang='lat' dir='ltr'>gati</span> <span class='ocrx_word' id='word_1_198' title='bbox 472 2282 577 2318; x_wconf 89' lang='lat' dir='ltr'>esse</span> <span class='ocrx_word' id='word_1_199' title='bbox 621 2267 900 2333; x_wconf 79' lang='lat' dir='ltr'>possimUS,</span> <span class='ocrx_word' id='word_1_200' title='bbox 942 2267 1145 2320; x_wconf 90' lang='lat' dir='ltr'>addidit</span> <span class='ocrx_word' id='word_1_201' title='bbox 1173 2269 1518 2336; x_wconf 69' lang='lat' dir='ltr'>eleemosynas</span> <span class='ocrx_word' id='word_1_202' title='bbox 1546 2284 1653 2320; x_wconf 91' lang='lat' dir='ltr'>esse</span> <span class='ocrx_word' id='word_1_203' title='bbox 1681 2268 1957 2320; x_wconf 78' lang='lat' dir='ltr'>faciendas.</span> <span class='ocrx_word' id='word_1_204' title='bbox 1998 2267 2202 2320; x_wconf 85' lang='lat' dir='ltr'>miseri—</span> 
     </span>
     <span class='ocr_line' id='line_1_25' title="bbox 316 2353 2202 2421; baseline 0.001 -19"><span class='ocrx_word' id='word_1_205' title='bbox 316 2367 425 2403; x_wconf 79' lang='lat' dir='ltr'>cors</span> <span class='ocrx_word' id='word_1_206' title='bbox 470 2355 642 2404; x_wconf 89' lang='lat' dir='ltr'>monet</span> <span class='ocrx_word' id='word_1_207' title='bbox 687 2354 1092 2407; x_wconf 69' lang='lat' dir='ltr'>misericordiam</span> <span class='ocrx_word' id='word_1_208' title='bbox 1139 2354 1272 2418; x_wconf 91' lang='lat' dir='ltr'>fieri,</span> <span class='ocrx_word' id='word_1_209' title='bbox 1326 2356 1376 2407; x_wconf 84' lang='lat' dir='ltr'>et</span> <span class='ocrx_word' id='word_1_210' title='bbox 1422 2355 1541 2421; x_wconf 90' lang='lat' dir='ltr'>quia</span> <span class='ocrx_word' id='word_1_211' title='bbox 1586 2370 1787 2407; x_wconf 83' lang='lat' dir='ltr'>seruare</span> <span class='ocrx_word' id='word_1_212' title='bbox 1833 2353 2032 2421; x_wconf 90' lang='lat' dir='ltr'>quaerit</span> <span class='ocrx_word' id='word_1_213' title='bbox 2078 2368 2202 2420; x_wconf 92' lang='lat' dir='ltr'>quos</span> 
     </span>
     <span class='ocr_line' id='line_1_26' title="bbox 317 2439 2198 2509; baseline 0.001 -20"><span class='ocrx_word' id='word_1_214' title='bbox 317 2455 501 2506; x_wconf 88' lang='lat' dir='ltr'>magno</span> <span class='ocrx_word' id='word_1_215' title='bbox 530 2440 746 2491; x_wconf 86' lang='lat' dir='ltr'>redemit</span> <span class='ocrx_word' id='word_1_216' title='bbox 793 2442 907 2506; x_wconf 85' lang='lat' dir='ltr'>post</span> <span class='ocrx_word' id='word_1_217' title='bbox 955 2441 1179 2509; x_wconf 90' lang='lat' dir='ltr'>gratiam</span> <span class='ocrx_word' id='word_1_218' title='bbox 1225 2442 1472 2509; x_wconf 87' lang='lat' dir='ltr'>baptismi</span> <span class='ocrx_word' id='word_1_219' title='bbox 1517 2442 1804 2495; x_wconf 89' lang='lat' dir='ltr'>sordidatos</span> <span class='ocrx_word' id='word_1_220' title='bbox 1851 2442 1996 2494; x_wconf 86' lang='lat' dir='ltr'>doeet</span> <span class='ocrx_word' id='word_1_221' title='bbox 2037 2439 2198 2492; x_wconf 87' lang='lat' dir='ltr'>denuo</span> 
     </span>
     <span class='ocr_line' id='line_1_27' title="bbox 318 2526 2258 2592; baseline 0.007 -20"><span class='ocrx_word' id='word_1_222' title='bbox 318 2539 459 2590; x_wconf 81' lang='lat' dir='ltr'>posse</span> <span class='ocrx_word' id='word_1_223' title='bbox 487 2526 710 2592; x_wconf 83' lang='lat' dir='ltr'>purgari.</span> <span class='ocrx_word' id='word_1_224' title='bbox 2218 2554 2258 2585; x_wconf 83' lang='lat'>25</span> 
     </span>
    </p>
   </div>
   <div class='ocr_carea' id='block_1_4' title="bbox 2318 1150 2320 1154">
    <p class='ocr_par' dir='ltr' id='par_1_5' title="bbox 2318 1150 2320 1154">
     <span class='ocr_line' id='line_1_28' title="bbox 2318 1150 2320 1154; baseline 0 0"><span class='ocrx_word' id='word_1_225' title='bbox 2318 1150 2320 1154; x_wconf 95' lang='lat' dir='ltr'> </span> 
     </span>
    </p>
   </div>
   <div class='ocr_carea' id='block_1_5' title="bbox 2318 1164 2320 1166">
    <p class='ocr_par' dir='ltr' id='par_1_6' title="bbox 2318 1164 2320 1166">
     <span class='ocr_line' id='line_1_29' title="bbox 2318 1164 2320 1166; baseline 0 0"><span class='ocrx_word' id='word_1_226' title='bbox 2318 1164 2320 1166; x_wconf 95' lang='lat' dir='ltr'> </span> 
     </span>
    </p>
   </div>
   <div class='ocr_carea' id='block_1_6' title="bbox 2318 1218 2320 1222">
    <p class='ocr_par' dir='ltr' id='par_1_7' title="bbox 2318 1218 2320 1222">
     <span class='ocr_line' id='line_1_30' title="bbox 2318 1218 2320 1222; baseline 0 0"><span class='ocrx_word' id='word_1_227' title='bbox 2318 1218 2320 1222; x_wconf 95' lang='lat' dir='ltr'> </span> 
     </span>
    </p>
   </div>
   <div class='ocr_carea' id='block_1_7' title="bbox 485 2712 2015 2770">
    <p class='ocr_par' dir='ltr' id='par_1_8' title="bbox 485 2712 2015 2770">
     <span class='ocr_line' id='line_1_31' title="bbox 485 2712 2015 2770; baseline 0.003 -18"><span class='ocrx_word' id='word_1_228' title='bbox 485 2712 511 2752; x_wconf 81' lang='lat'>3</span> <span class='ocrx_word' id='word_1_229' title='bbox 544 2712 671 2753; x_wconf 78' lang='lat' dir='ltr'>Pron.</span> <span class='ocrx_word' id='word_1_230' title='bbox 697 2713 762 2762; x_wconf 70' lang='lat'>16,</span> <span class='ocrx_word' id='word_1_231' title='bbox 787 2714 812 2755; x_wconf 75' lang='lat'>(3</span> <span class='ocrx_word' id='word_1_232' title='bbox 834 2714 977 2767; x_wconf 64' lang='lat'>(115,</span> <span class='ocrx_word' id='word_1_233' title='bbox 1002 2714 1087 2770; x_wconf 78' lang='grc'>27).</span> <span class='ocrx_word' id='word_1_234' title='bbox 1180 2716 1206 2758; x_wconf 84' lang='grc'>6</span> <span class='ocrx_word' id='word_1_235' title='bbox 1238 2715 1321 2758; x_wconf 75' lang='lat' dir='ltr'>Sir.</span> <span class='ocrx_word' id='word_1_236' title='bbox 1345 2716 1383 2767; x_wconf 83' lang='lat'>3,</span> <span class='ocrx_word' id='word_1_237' title='bbox 1409 2715 1475 2758; x_wconf 83' lang='lat'>30.</span> <span class='ocrx_word' id='word_1_238' title='bbox 1569 2717 1624 2759; x_wconf 86' lang='lat'>14</span> <span class='ocrx_word' id='word_1_239' title='bbox 1654 2716 1757 2758; x_wconf 77' lang='lat' dir='ltr'>Luc.</span> <span class='ocrx_word' id='word_1_240' title='bbox 1785 2715 1850 2767; x_wconf 87' lang='lat'>11,</span> <span class='ocrx_word' id='word_1_241' title='bbox 1874 2714 1932 2757; x_wconf 87' lang='lat'>40</span> <span class='ocrx_word' id='word_1_242' title='bbox 1953 2727 2015 2770; x_wconf 84' lang='lat' dir='ltr'>sq.</span> 
     </span>
    </p>
   </div>
   <div class='ocr_carea' id='block_1_8' title="bbox 306 2869 2332 3710">
    <p class='ocr_par' dir='ltr' id='par_1_9' title="bbox 306 2869 2332 3710">
     <span class='ocr_line' id='line_1_32' title="bbox 400 2869 2197 2928; baseline 0.003 -18"><span class='ocrx_word' id='word_1_243' title='bbox 400 2870 421 2910; x_wconf 93' lang='lat'>1</span> <span class='ocrx_word' id='word_1_244' title='bbox 456 2869 756 2923; x_wconf 78' lang='lat' dir='ltr'>protrahimus</span> <span class='ocrx_word' id='word_1_245' title='bbox 774 2871 823 2914; x_wconf 89' lang='lat' dir='ltr'><em>F</em></span> <span class='ocrx_word' id='word_1_246' title='bbox 982 2872 1247 2928; x_wconf 85' lang='lat' dir='ltr'>elemosynis</span> <span class='ocrx_word' id='word_1_247' title='bbox 1268 2873 1373 2917; x_wconf 90' lang='lat' dir='ltr'>SW</span> <span class='ocrx_word' id='word_1_248' title='bbox 1390 2874 1489 2927; x_wconf 69' lang='lat' dir='ltr'>fere</span> <span class='ocrx_word' id='word_1_249' title='bbox 1509 2886 1707 2928; x_wconf 79' lang='lat' dir='ltr'>semper,</span> <span class='ocrx_word' id='word_1_250' title='bbox 1730 2871 2018 2928; x_wconf 89' lang='lat' dir='ltr'>aelymosinis</span> <span class='ocrx_word' id='word_1_251' title='bbox 2043 2871 2085 2916; x_wconf 99' lang='lat' dir='ltr'><strong><em>G</em></strong></span> <span class='ocrx_word' id='word_1_252' title='bbox 2099 2885 2197 2916; x_wconf 81' lang='lat' dir='ltr'>sae-</span> 
     </span>
     <span class='ocr_line' id='line_1_33' title="bbox 306 2941 2202 3002; baseline 0.004 -22"><span class='ocrx_word' id='word_1_253' title='bbox 306 2941 417 2993; x_wconf 74' lang='lat' dir='ltr'>pius</span> <span class='ocrx_word' id='word_1_254' title='bbox 521 2943 547 2982; x_wconf 74' lang='lat'>3</span> <span class='ocrx_word' id='word_1_255' title='bbox 580 2941 813 2997; x_wconf 85' lang='lat' dir='ltr'>seripturis</span> <span class='ocrx_word' id='word_1_256' title='bbox 835 2943 1001 2986; x_wconf 90' lang='lat' dir='ltr'>diuinis</span> <span class='ocrx_word' id='word_1_257' title='bbox 1023 2958 1049 2988; x_wconf 79' lang='grc' dir='ltr'><strong><em>υ</em></strong></span> <span class='ocrx_word' id='word_1_258' title='bbox 1136 2945 1165 2988; x_wconf 84' lang='grc'>4</span> <span class='ocrx_word' id='word_1_259' title='bbox 1195 2945 1365 2988; x_wconf 83' lang='lat' dir='ltr'>delecta</span> <span class='ocrx_word' id='word_1_260' title='bbox 1390 2945 1427 2990; x_wconf 98' lang='lat' dir='ltr'><strong><em>S</em></strong></span> <span class='ocrx_word' id='word_1_261' title='bbox 1523 2945 1549 2988; x_wconf 88' lang='lat'>6</span> <span class='ocrx_word' id='word_1_262' title='bbox 1571 2949 1763 3002; x_wconf 86' lang='lat' dir='ltr'>purgata</span> <span class='ocrx_word' id='word_1_263' title='bbox 1785 2947 1889 2988; x_wconf 88' lang='lat' dir='ltr'>sunt</span> <span class='ocrx_word' id='word_1_264' title='bbox 1914 2947 1955 2991; x_wconf 91' lang='lat' dir='ltr'><strong><em>G</em></strong></span> <span class='ocrx_word' id='word_1_265' title='bbox 2053 2945 2202 3001; x_wconf 86' lang='lat' dir='ltr'>ignem</span> 
     </span>
     <span class='ocr_line' id='line_1_34' title="bbox 310 3010 2117 3073; baseline 0.004 -21"><span class='ocrx_word' id='word_1_266' title='bbox 310 3010 539 3066; x_wconf 78' lang='lat' dir='ltr'>extinguet</span> <span class='ocrx_word' id='word_1_267' title='bbox 554 3013 597 3064; x_wconf 79' lang='lat' dir='ltr'>S,</span> <span class='ocrx_word' id='word_1_268' title='bbox 622 3014 846 3069; x_wconf 81' lang='lat' dir='ltr'>extinguit</span> <span class='ocrx_word' id='word_1_269' title='bbox 867 3014 1016 3070; x_wconf 86' lang='lat' dir='ltr'>ignem</span> <span class='ocrx_word' id='word_1_270' title='bbox 1030 3015 1231 3068; x_wconf 77' lang='lat' dir='ltr'><strong><em>FWGv3</em></strong></span> <span class='ocrx_word' id='word_1_271' title='bbox 1256 3019 1312 3071; x_wconf 81' lang='lat' dir='ltr'>ef.</span> <span class='ocrx_word' id='word_1_272' title='bbox 1334 3023 1430 3061; x_wconf 77' lang='lat' dir='ltr'>test.</span> <span class='ocrx_word' id='word_1_273' title='bbox 1450 3018 1545 3062; x_wconf 91' lang='lat' dir='ltr'>III</span> <span class='ocrx_word' id='word_1_274' title='bbox 1559 3022 1642 3073; x_wconf 73' lang='lat'>110.</span> <span class='ocrx_word' id='word_1_275' title='bbox 1662 3022 1747 3062; x_wconf 85' lang='lat'>110</span> <span class='ocrx_word' id='word_1_276' title='bbox 1837 3019 1860 3061; x_wconf 87' lang='grc'><strong>7</strong></span> <span class='ocrx_word' id='word_1_277' title='bbox 1881 3019 1943 3063; x_wconf 83' lang='lat' dir='ltr'>sie</span> <span class='ocrx_word' id='word_1_278' title='bbox 1966 3020 2011 3062; x_wconf 89' lang='lat' dir='ltr'>et</span> <span class='ocrx_word' id='word_1_279' title='bbox 2027 3018 2117 3061; x_wconf 86' lang='lat' dir='ltr'>FG</span> 
     </span>
     <span class='ocr_line' id='line_1_35' title="bbox 312 3084 2193 3146; baseline 0.004 -22"><span class='ocrx_word' id='word_1_280' title='bbox 312 3084 536 3138; x_wconf 85' lang='lat' dir='ltr'>extinguit</span> <span class='ocrx_word' id='word_1_281' title='bbox 552 3085 731 3129; x_wconf 81' lang='lat' dir='ltr'><strong><em>FWGv</em></strong></span> <span class='ocrx_word' id='word_1_282' title='bbox 827 3087 854 3128; x_wconf 80' lang='lat'>8</span> <span class='ocrx_word' id='word_1_283' title='bbox 886 3099 1070 3142; x_wconf 76' lang='lat' dir='ltr'>aquae**</span> <span class='ocrx_word' id='word_1_284' title='bbox 1099 3087 1140 3130; x_wconf 91' lang='lat' dir='ltr'><strong><em>G</em></strong></span> <span class='ocrx_word' id='word_1_285' title='bbox 1161 3089 1248 3144; x_wconf 91' lang='lat' dir='ltr'>(aq.</span> <span class='ocrx_word' id='word_1_286' title='bbox 1273 3091 1405 3145; x_wconf 54' lang='lat' dir='ltr'>eras)</span> <span class='ocrx_word' id='word_1_287' title='bbox 1509 3091 1536 3133; x_wconf 87' lang='grc'>9</span> <span class='ocrx_word' id='word_1_288' title='bbox 1567 3091 1634 3134; x_wconf 87' lang='lat' dir='ltr'>ita</span> <span class='ocrx_word' id='word_1_289' title='bbox 1657 3093 1701 3134; x_wconf 88' lang='lat' dir='ltr'>et</span> <span class='ocrx_word' id='word_1_290' title='bbox 1723 3091 1953 3134; x_wconf 76' lang='lat' dir='ltr'>Baluzius</span> <span class='ocrx_word' id='word_1_291' title='bbox 2041 3102 2193 3146; x_wconf 88' lang='lat' dir='ltr'>opera-</span> 
     </span>
     <span class='ocr_line' id='line_1_36' title="bbox 311 3153 2196 3218; baseline 0.005 -23"><span class='ocrx_word' id='word_1_292' title='bbox 311 3153 525 3211; x_wconf 89' lang='lat' dir='ltr'>tionibus]</span> <span class='ocrx_word' id='word_1_293' title='bbox 549 3157 750 3210; x_wconf 86' lang='lat' dir='ltr'>operibus</span> <span class='ocrx_word' id='word_1_294' title='bbox 781 3159 821 3201; x_wconf 82' lang='lat' dir='ltr'><strong><em>G</em></strong></span> <span class='ocrx_word' id='word_1_295' title='bbox 912 3159 962 3201; x_wconf 87' lang='lat'>11</span> <span class='ocrx_word' id='word_1_296' title='bbox 997 3159 1153 3202; x_wconf 87' lang='lat' dir='ltr'>asidua</span> <span class='ocrx_word' id='word_1_297' title='bbox 1184 3161 1223 3203; x_wconf 87' lang='lat' dir='ltr'><strong><em>G</em></strong></span> <span class='ocrx_word' id='word_1_298' title='bbox 1345 3163 1397 3205; x_wconf 86' lang='grc'>12</span> <span class='ocrx_word' id='word_1_299' title='bbox 1429 3162 1636 3206; x_wconf 88' lang='lat' dir='ltr'>imitatae</span> <span class='ocrx_word' id='word_1_300' title='bbox 1660 3162 1698 3207; x_wconf 89' lang='lat' dir='ltr'><strong><em>S</em></strong></span> <span class='ocrx_word' id='word_1_301' title='bbox 1813 3161 1902 3218; x_wconf 86' lang='lat' dir='ltr'>dei]</span> <span class='ocrx_word' id='word_1_302' title='bbox 1925 3161 2055 3206; x_wconf 87' lang='lat' dir='ltr'>deum</span> <span class='ocrx_word' id='word_1_303' title='bbox 2079 3162 2196 3205; x_wconf 74' lang='lat' dir='ltr'>coni.</span> 
     </span>
     <span class='ocr_line' id='line_1_37' title="bbox 311 3225 2332 3291; baseline 0.005 -24"><span class='ocrx_word' id='word_1_304' title='bbox 311 3225 467 3269; x_wconf 70' lang='lat' dir='ltr'>Reum</span> <span class='ocrx_word' id='word_1_305' title='bbox 554 3227 746 3282; x_wconf 83' lang='lat' dir='ltr'>largitur</span> <span class='ocrx_word' id='word_1_306' title='bbox 775 3230 841 3274; x_wconf 63' lang='lat' dir='ltr'>Ge</span> <span class='ocrx_word' id='word_1_307' title='bbox 947 3231 999 3274; x_wconf 85' lang='lat'>13</span> <span class='ocrx_word' id='word_1_308' title='bbox 1031 3231 1078 3274; x_wconf 93' lang='lat' dir='ltr'>in</span> <span class='ocrx_word' id='word_1_309' title='bbox 1099 3233 1332 3288; x_wconf 86' lang='lat' dir='ltr'>euangelio</span> <span class='ocrx_word' id='word_1_310' title='bbox 1354 3234 1560 3277; x_wconf 90' lang='lat' dir='ltr'>dominus</span> <span class='ocrx_word' id='word_1_311' title='bbox 1582 3249 1608 3279; x_wconf 83' lang='lat' dir='ltr'><strong><em>v</em></strong></span> <span class='ocrx_word' id='word_1_312' title='bbox 1698 3234 1893 3291; x_wconf 84' lang='lat' dir='ltr'>ederent]</span> <span class='ocrx_word' id='word_1_313' title='bbox 1918 3236 2042 3277; x_wconf 86' lang='lat' dir='ltr'>erent</span> <span class='ocrx_word' id='word_1_314' title='bbox 2079 3233 2116 3277; x_wconf 93' lang='lat' dir='ltr'><strong><em>S</em></strong></span> <span class='ocrx_word' id='word_1_315' title='bbox 2327 3259 2332 3287; x_wconf 58' lang='grc' dir='ltr'><strong>ς</strong></span> 
     </span>
     <span class='ocr_line' id='line_1_38' title="bbox 312 3297 2332 3362; baseline 0.006 -24"><span class='ocrx_word' id='word_1_316' title='bbox 312 3297 366 3339; x_wconf 85' lang='grc'><strong>14</strong></span> <span class='ocrx_word' id='word_1_317' title='bbox 397 3297 613 3341; x_wconf 88' lang='lat' dir='ltr'>lauissent</span> <span class='ocrx_word' id='word_1_318' title='bbox 643 3301 736 3343; x_wconf 85' lang='lat' dir='ltr'>GV</span> <span class='ocrx_word' id='word_1_319' title='bbox 847 3301 1112 3358; x_wconf 87' lang='lat' dir='ltr'>respondens</span> <span class='ocrx_word' id='word_1_320' title='bbox 1135 3303 1248 3346; x_wconf 85' lang='lat' dir='ltr'>dixit</span> <span class='ocrx_word' id='word_1_321' title='bbox 1278 3304 1318 3348; x_wconf 89' lang='lat' dir='ltr'><strong><em>G</em></strong></span> <span class='ocrx_word' id='word_1_322' title='bbox 1457 3307 1511 3349; x_wconf 84' lang='lat'>15</span> <span class='ocrx_word' id='word_1_323' title='bbox 1542 3307 1664 3350; x_wconf 89' lang='lat' dir='ltr'>intus</span> <span class='ocrx_word' id='word_1_324' title='bbox 1688 3309 1758 3350; x_wconf 90' lang='lat' dir='ltr'>est</span> <span class='ocrx_word' id='word_1_325' title='bbox 1778 3307 1852 3351; x_wconf 78' lang='lat' dir='ltr'>Fv</span> <span class='ocrx_word' id='word_1_326' title='bbox 1985 3308 2054 3349; x_wconf 86' lang='lat' dir='ltr'>est</span> <span class='ocrx_word' id='word_1_327' title='bbox 2076 3305 2196 3362; x_wconf 80' lang='lat' dir='ltr'>(post</span> <span class='ocrx_word' id='word_1_328' title='bbox 2327 3315 2332 3342; x_wconf 75' lang='lat'><strong>⁴</strong></span> 
     </span>
     <span class='ocr_line' id='line_1_39' title="bbox 312 3368 2332 3434; baseline 0.006 -25"><span class='ocrx_word' id='word_1_329' title='bbox 312 3368 437 3423; x_wconf 86' lang='lat' dir='ltr'>foris)</span> <span class='ocrx_word' id='word_1_330' title='bbox 459 3382 541 3412; x_wconf 75' lang='lat' dir='ltr'>o‘m.</span> <span class='ocrx_word' id='word_1_331' title='bbox 569 3371 610 3413; x_wconf 86' lang='lat' dir='ltr'><strong><em>G</em></strong></span> <span class='ocrx_word' id='word_1_332' title='bbox 698 3372 749 3414; x_wconf 75' lang='lat'>17</span> <span class='ocrx_word' id='word_1_333' title='bbox 783 3372 956 3416; x_wconf 87' lang='lat' dir='ltr'>seilicet</span> <span class='ocrx_word' id='word_1_334' title='bbox 978 3386 1059 3417; x_wconf 85' lang='lat' dir='ltr'>om.</span> <span class='ocrx_word' id='word_1_335' title='bbox 1089 3373 1131 3418; x_wconf 91' lang='lat' dir='ltr'><strong><em>G</em></strong></span> <span class='ocrx_word' id='word_1_336' title='bbox 1220 3376 1274 3419; x_wconf 83' lang='lat'>18</span> <span class='ocrx_word' id='word_1_337' title='bbox 1305 3376 1617 3434; x_wconf 87' lang='lat' dir='ltr'>detrahendas]</span> <span class='ocrx_word' id='word_1_338' title='bbox 1642 3378 1876 3422; x_wconf 88' lang='lat' dir='ltr'>diluendas</span> <span class='ocrx_word' id='word_1_339' title='bbox 1899 3393 1926 3424; x_wconf 83' lang='grc' dir='ltr'><strong><em>υ</em></strong></span> <span class='ocrx_word' id='word_1_340' title='bbox 2012 3378 2066 3421; x_wconf 87' lang='grc'>21</span> <span class='ocrx_word' id='word_1_341' title='bbox 2090 3390 2193 3433; x_wconf 88' lang='lat' dir='ltr'>pur·</span> <span class='ocrx_word' id='word_1_342' title='bbox 2328 3371 2332 3390; x_wconf 82' lang='lat'>&#39;&#39;</span> 
     </span>
     <span class='ocr_line' id='line_1_40' title="bbox 311 3440 2191 3507; baseline 0.007 -27"><span class='ocrx_word' id='word_1_343' title='bbox 311 3440 407 3492; x_wconf 83' lang='lat' dir='ltr'>gati</span> <span class='ocrx_word' id='word_1_344' title='bbox 430 3442 474 3483; x_wconf 91' lang='lat' dir='ltr'>et</span> <span class='ocrx_word' id='word_1_345' title='bbox 496 3441 650 3485; x_wconf 88' lang='lat' dir='ltr'>mundi</span> <span class='ocrx_word' id='word_1_346' title='bbox 668 3443 708 3486; x_wconf 88' lang='lat' dir='ltr'><strong><em>G</em></strong></span> <span class='ocrx_word' id='word_1_347' title='bbox 795 3444 850 3487; x_wconf 88' lang='grc'>22</span> <span class='ocrx_word' id='word_1_348' title='bbox 873 3458 1103 3500; x_wconf 88' lang='lat' dir='ltr'>possumus</span> <span class='ocrx_word' id='word_1_349' title='bbox 1123 3445 1161 3489; x_wconf 89' lang='lat' dir='ltr'><strong><em>S</em></strong></span> <span class='ocrx_word' id='word_1_350' title='bbox 1246 3447 1371 3491; x_wconf 85' lang='lat' dir='ltr'>addit</span> <span class='ocrx_word' id='word_1_351' title='bbox 1392 3448 1434 3492; x_wconf 90' lang='lat' dir='ltr'><strong><em>G</em></strong></span> <span class='ocrx_word' id='word_1_352' title='bbox 1522 3450 1784 3507; x_wconf 81' lang='lat' dir='ltr'>elemosynis</span> <span class='ocrx_word' id='word_1_353' title='bbox 1807 3450 1859 3494; x_wconf 84' lang='lat' dir='ltr'>S¹</span> <span class='ocrx_word' id='word_1_354' title='bbox 1946 3449 2003 3493; x_wconf 83' lang='lat'>23</span> <span class='ocrx_word' id='word_1_355' title='bbox 2024 3451 2191 3507; x_wconf 87' lang='lat' dir='ltr'>monet]</span> 
     </span>
     <span class='ocr_line' id='line_1_41' title="bbox 310 3508 2194 3577; baseline 0.007 -26"><span class='ocrx_word' id='word_1_356' title='bbox 310 3508 436 3553; x_wconf 87' lang='lat' dir='ltr'>docet</span> <span class='ocrx_word' id='word_1_357' title='bbox 465 3514 510 3554; x_wconf 90' lang='lat' dir='ltr'>et</span> <span class='ocrx_word' id='word_1_358' title='bbox 540 3516 687 3557; x_wconf 86' lang='lat' dir='ltr'>monet</span> <span class='ocrx_word' id='word_1_359' title='bbox 711 3528 752 3566; x_wconf 80' lang='lat' dir='ltr'>v,</span> <span class='ocrx_word' id='word_1_360' title='bbox 785 3515 911 3559; x_wconf 83' lang='lat' dir='ltr'>docet</span> <span class='ocrx_word' id='word_1_361' title='bbox 938 3517 1033 3571; x_wconf 83' lang='lat' dir='ltr'>(sed</span> <span class='ocrx_word' id='word_1_362' title='bbox 1058 3523 1163 3573; x_wconf 76' lang='lat' dir='ltr'>post</span> <span class='ocrx_word' id='word_1_363' title='bbox 1193 3518 1560 3577; x_wconf 83' lang='lat' dir='ltr'>inisericordiam)</span> <span class='ocrx_word' id='word_1_364' title='bbox 1590 3521 1631 3566; x_wconf 92' lang='lat' dir='ltr'><strong><em>G</em></strong></span> <span class='ocrx_word' id='word_1_365' title='bbox 1747 3520 2074 3566; x_wconf 83' lang='lat' dir='ltr'>misericordias</span> <span class='ocrx_word' id='word_1_366' title='bbox 2099 3535 2194 3566; x_wconf 88' lang='lat' dir='ltr'>esse</span> 
     </span>
     <span class='ocr_line' id='line_1_42' title="bbox 312 3579 2106 3649; baseline 0.008 -27"><span class='ocrx_word' id='word_1_367' title='bbox 312 3579 534 3625; x_wconf 82' lang='lat' dir='ltr'>faciendas</span> <span class='ocrx_word' id='word_1_368' title='bbox 559 3584 597 3627; x_wconf 85' lang='lat' dir='ltr'><strong><em>S</em></strong></span> <span class='ocrx_word' id='word_1_369' title='bbox 707 3586 763 3628; x_wconf 88' lang='grc'>24</span> <span class='ocrx_word' id='word_1_370' title='bbox 793 3600 951 3643; x_wconf 85' lang='lat' dir='ltr'>magno</span> <span class='ocrx_word' id='word_1_371' title='bbox 973 3588 1116 3643; x_wconf 87' lang='lat' dir='ltr'>pretio</span> <span class='ocrx_word' id='word_1_372' title='bbox 1138 3589 1212 3634; x_wconf 84' lang='lat' dir='ltr'>Fv</span> <span class='ocrx_word' id='word_1_373' title='bbox 1351 3590 1532 3635; x_wconf 87' lang='lat' dir='ltr'>redimit</span> <span class='ocrx_word' id='word_1_374' title='bbox 1556 3592 1612 3647; x_wconf 86' lang='lat' dir='ltr'>S,</span> <span class='ocrx_word' id='word_1_375' title='bbox 1646 3593 1833 3637; x_wconf 87' lang='lat' dir='ltr'>redemit</span> <span class='ocrx_word' id='word_1_376' title='bbox 1855 3592 2030 3649; x_wconf 82' lang='lat' dir='ltr'>praecio</span> <span class='ocrx_word' id='word_1_377' title='bbox 2062 3591 2106 3637; x_wconf 90' lang='lat' dir='ltr'><strong><em>G</em></strong></span> 
     </span>
     <span class='ocr_line' id='line_1_43' title="bbox 311 3650 788 3710; baseline 0.017 -17"><span class='ocrx_word' id='word_1_378' title='bbox 311 3650 525 3706; x_wconf 87' lang='lat' dir='ltr'>baptismi</span> <span class='ocrx_word' id='word_1_379' title='bbox 546 3656 741 3710; x_wconf 84' lang='lat' dir='ltr'>gratiam</span> <span class='ocrx_word' id='word_1_380' title='bbox 765 3671 788 3701; x_wconf 77' lang='lat' dir='ltr'><em>v</em></span> 
     </span>
    </p>
   </div>
   <div class='ocr_carea' id='block_1_9' title="bbox 2281 3461 2332 3978">
    <p class='ocr_par' dir='ltr' id='par_1_10' title="bbox 2281 3461 2332 3978">
     <span class='ocr_line' id='line_1_44' title="bbox 2281 3461 2332 3978; baseline 0 0"><span class='ocrx_word' id='word_1_381' title='bbox 2281 3461 2332 3978; x_wconf 95' lang='lat' dir='ltr'> </span> 
     </span>
    </p>
   </div>
  </div>
 </body>
</html>
