2332 3978
99 1163 141 1197 10

101 1592 142 1625 15

104 2461 146 2494 25

105 2890 148 2923 30

751 246 975 290 Testim.
1005 245 1095 290 III.
1127 245 1394 302 capitula.
1935 245 2039 299 105

312 377 531 431 LXIIII.
571 375 711 440 Quae
749 376 854 428 sint
891 374 1111 428 carnalia
1148 390 1278 442 quae
1322 376 1543 444 mortem
1578 374 1783 443 pariant
1819 374 1871 428 et
1907 389 2037 442 quae

571 460 829 530 spiritalia
854 476 983 528 quae
1007 460 1073 513 ad
1098 459 1267 512 uitam
1292 459 1498 514 ducant.

373 547 530 601 LXV.
572 546 758 600 Omnia
782 546 971 600 delicta
994 545 1049 598 in
1073 545 1332 613 baptismo
1358 545 1557 614 deponi.

347 634 531 688 LXVI.
569 633 914 700 Disciplinam
937 631 1034 685 Dei
1071 631 1126 684 in
1150 631 1507 686 ecclesiasticis
1544 631 1831 701 praeceptis
1867 631 2041 686 obser-

572 719 811 772 uandam.

319 805 532 859 LXVII.
571 805 902 858 Praedictum
945 804 1081 872 quod
1118 803 1446 872 disciplinam
1482 819 1663 858 sanam
1720 804 2042 872 aspernaturi

572 892 757 945 essent.

293 977 534 1031 LXVIII.
571 977 929 1030 Recedendum
956 975 1020 1030 ab
1047 990 1103 1028 eo
1130 975 1218 1044 qui
1251 974 1541 1029 inordinate
1579 976 1631 1028 et
1669 975 1844 1029 contra
1882 974 2041 1028 disci-

573 1062 770 1131 plinam
794 1062 956 1115 uiuat.

264 1150 534 1204 LXVIIII.
571 1149 687 1202 Non
733 1149 791 1202 in
837 1147 1089 1215 sapientia
1138 1147 1320 1200 mundi
1356 1162 1448 1200 nec
1493 1147 1548 1200 in
1598 1146 1889 1215 eloquentia
1936 1160 2043 1199 esse

571 1252 788 1304 regnum
823 1235 921 1288 Dei
959 1234 1048 1288 sed
1084 1234 1138 1286 in
1176 1234 1273 1287 fide
1311 1233 1475 1286 crucis
1513 1234 1565 1287 et
1601 1233 1795 1286 uirtute
1832 1247 2042 1287 conuer-

573 1321 802 1374 sationis,

365 1407 522 1461 LXX.
562 1406 872 1460 Parentibus
899 1405 1294 1473 obsequendum.

348 1493 534 1546 LXXI.
573 1493 753 1546 Patres
779 1506 976 1560 quoque
1002 1506 1205 1560 asperos
1235 1507 1342 1544 esse
1368 1491 1504 1545 circa
1521 1490 1655 1543 filios
1674 1505 1774 1544 non
1790 1491 2038 1558 oportere.

327 1579 540 1633 LXXII.
581 1577 788 1643 SerUOS‚
828 1595 946 1631 cum
972 1577 1309 1642 crediderint,
1355 1578 1474 1645 plus
1501 1576 1725 1631 dominis
1752 1576 2043 1630 carnalibus

573 1664 764 1718 seruire
790 1664 985 1717 debere.

266 1751 529 1807 LXXIII.
572 1751 708 1803 Item
734 1750 966 1804 dominos
991 1749 1221 1803 mitiores
1249 1765 1355 1802 esse
1381 1749 1577 1802 debere.

267 1836 536 1891 LXXIIII.
576 1837 773 1890 Viduas
798 1837 1039 1906 probatas
1067 1852 1293 1905 quasque
1317 1836 1648 1889 honorandas

324 1924 531 1978 LXXV.
572 1923 791 1977 Suorum
829 1924 880 1976 et
916 1924 1139 1976 maxime
1190 1922 1427 1975 fidelium
1474 1938 1646 1975 curam
1697 1920 1814 1990 plus
1852 1936 2042 1974 unum-

575 2026 828 2077 quemque
853 2010 1039 2064 habere
1064 2010 1262 2063 debere.

303 2096 536 2150 LXXVI.
577 2096 829 2149 Maiorem
854 2096 981 2149 natu
1005 2111 1105 2148 non
1129 2096 1320 2148 temere
1346 2094 1703 2149 accusandum.

276 2183 537 2235 LXXVII.
578 2183 883 2236 Peccantem
907 2182 1112 2250 publice
1138 2181 1531 2250 obiurgandum.

246 2269 537 2321 LXXVIII.
579 2267 708 2321 Cum
734 2268 1002 2321 haereticis
1028 2283 1128 2320 non
1152 2267 1479 2334 loquendum.

217 2353 535 2406 LXXVIIII.
576 2354 906 2406 Innocentem
931 2353 1146 2406 fidenter
1170 2353 1341 2419 petere
1367 2354 1419 2405 et
1444 2352 1718 2419 inpetrare.

328 2439 533 2492 LXXX.
572 2439 722 2491 Nihil
760 2439 912 2492 licere
950 2439 1152 2491 diabolo
1189 2439 1242 2491 in
1279 2438 1563 2502 hominem,
1614 2437 1716 2490 nisi
1753 2437 1892 2490 Deus
1929 2452 2045 2505 per-

576 2525 794 2578 miserit.

302 2611 535 2664 LXXXI.
575 2611 866 2664 Mercedem
892 2610 1235 2663 mercennario
1263 2610 1363 2663 cito
1390 2610 1717 2664 reddendam.

269 2695 545 2750 LXXXII(
570 2697 687 2750 Non
712 2697 1086 2765 augurandum.

245 2783 534 2836 LXXXIII.
576 2782 778 2836 Cirrum
805 2799 906 2836 non
930 2783 1242 2836 habendum.

222 2869 541 2922 LXXXIIII.
580 2868 697 2921 Non
721 2869 1035 2922 uellendum.

251 3068 282 3114 2
312 3067 479 3111 ducunt
498 3068 543 3112 L
629 3067 660 3114 8
682 3069 727 3111 et
743 3081 824 3112 om.
841 3068 906 3113 W
990 3067 1019 3113 9
1042 3067 1203 3112 uiuant
1225 3069 1289 3113 W
1375 3067 1438 3114 10
1458 3067 1775 3124 insipientiaA
1853 3067 1902 3110 in
1922 3067 2050 3123 (ante

164 3138 298 3196 eloq.)
313 3151 394 3183 om.
406 3139 466 3183 M
551 3139 614 3185 14
635 3152 728 3182 esse
743 3153 823 3183 om.
842 3139 887 3183 L
965 3139 1081 3183 circa
1097 3139 1212 3183 filios
1231 3153 1404 3196 asperos
1421 3153 1514 3183 esse
1529 3140 1575 3183 A
1663 3140 1837 3196 oportet
1846 3139 1965 3183 ALv

167 3210 230 3259 15
259 3209 444 3267 LXXII]
466 3210 662 3254 LXXIII
683 3211 748 3255 W
853 3210 913 3256 17
934 3211 1152 3254 LXXIII.
1170 3244 1179 3254 .
1199 3244 1208 3254 .
1228 3244 1236 3252 .
1261 3210 1418 3254 debere
1436 3223 1516 3254 om.
1541 3211 1603 3256 W
1688 3210 1799 3254 item
1815 3223 1895 3253 om.
1919 3210 1966 3253 B

167 3281 230 3329 18
250 3283 441 3338 quasW
526 3282 585 3329 19
617 3282 792 3340 LXXV]
814 3283 935 3326 LXX
961 3284 1025 3327 W
1110 3282 1175 3329 20
1205 3282 1361 3327 debere
1390 3282 1553 3326 habere
1573 3282 1689 3327 AW
1774 3282 1836 3327 22
1868 3293 2051 3337 peccan-

165 3352 271 3397 dum
285 3354 347 3398 W
435 3353 499 3399 24
518 3354 814 3398 innocentiam
830 3355 1113 3407 LMBW2v,
1131 3354 1384 3398 innocentia
1401 3355 1482 3399 W¹
1578 3353 1817 3409 inpetrare]
1836 3352 2051 3408 interpre-

165 3426 263 3469 tare
279 3426 343 3470 W
422 3425 486 3473 25
508 3425 730 3470 diaboliA
805 3425 1155 3471 homineWMB
1242 3426 1304 3472 27
1327 3424 1620 3469 mercennarii
1635 3425 1681 3467 A
1768 3423 1832 3470 28
1848 3423 2051 3480 oigoran-

166 3496 272 3540 dum
286 3496 345 3549 A,
366 3496 641 3553 agurandum
661 3498 763 3550 W¹‚
796 3497 1120 3554 auguriandum
1134 3498 1180 3541 B
1274 3496 1337 3543 29
1369 3497 1534 3542 circum
1551 3496 1595 3539 A
1681 3509 1768 3539 non
1783 3495 1825 3539 A
1837 3495 2049 3547 WVLB,

166 3567 216 3611 in
235 3567 380 3624 capite
400 3580 488 3611 non
504 3568 587 3612 Mv
666 3568 731 3614 30
752 3568 1008 3613 uallendum
1025 3569 1068 3612 A
