2332 3978
619 270 766 326 Quod
795 271 945 316 idola
974 267 1060 313 dii
1089 279 1191 311 non
1221 268 1338 312 sint
1368 281 1401 312 c.
1434 267 1569 314 4—6.
1961 268 2032 322 23

147 403 208 455 ut
230 416 471 470 regnum:
509 400 643 454 filios
668 398 912 453 interficit
936 398 1157 461 BrutuS,
1209 398 1269 450 ut
1305 399 1498 451 crescat
1536 396 1598 449 de
1636 395 1882 465 suffragio
1921 411 2032 450 sce-

143 487 265 540 leris
285 485 657 539 commendatio
679 485 965 555 dignitatis,
1004 501 1105 538 non
1124 499 1244 553 ergo
1271 483 1333 536 de
1357 482 1695 551 religionibus
1722 482 1914 537 sanctis
1940 497 2034 536 nec

145 572 208 625 de
233 572 474 639 auspiciis
501 573 591 626 aut
616 572 846 641 auguriis
870 572 1103 624 Romana
1126 585 1285 639 regna
1310 569 1605 632 creuerunt,
1646 568 1734 622 sed
1760 567 2034 636 acceptum

145 659 349 725 tempus
375 659 512 711 certo
538 657 637 711 fine
663 658 974 712 custodiunt.
1028 658 1256 711 ceterum
1295 656 1347 708 et
1382 654 1614 723 Regulus
1653 653 1884 722 auspicia
1923 668 2033 706 ser-

88 765 107 797 ⁵
145 743 292 796 uauit
317 743 369 795 et
396 744 574 811 captus
610 746 704 809 est,
745 746 798 798 et
821 743 1091 797 Mancinus
1118 741 1420 810 religionem
1452 739 1623 793 tenuit
1649 739 1700 792 et
1726 739 1819 792 sub
1847 738 2034 807 iugum

145 829 333 881 missus
373 830 475 882 est:
515 829 683 897 pullos
722 830 899 883 edaces
936 829 1120 882 habuit
1155 828 1354 881 Paulus
1390 827 1442 879 et
1468 826 1606 894 apud
1632 823 1828 878 Cannas
1853 824 2033 877 tamen

147 930 320 968 caesus
349 916 441 980 est,
482 913 644 968 Gaius
672 914 879 981 Caesar,
918 932 982 969 ne
1020 915 1139 968 ante
1175 914 1418 967 brumam
1454 912 1511 964 in
1546 910 1783 964 Africam
1818 909 2033 978 nauigia

143 1001 543 1066 transmitteret,
583 1002 813 1070 auguriis
853 1003 905 1055 et
943 1000 1185 1068 auspiciis
1222 998 1566 1052 retinentibus
1605 996 1825 1064 spreuit:
1865 1011 1922 1048 eo
1948 994 2030 1048 fa-

146 1086 295 1140 cilius
321 1087 374 1139 et
397 1087 669 1156 nauigauit
694 1089 746 1140 et
770 1087 912 1140 uicit.

87 1199 130 1231 10
214 1173 415 1225 Horum
441 1173 613 1226 autem
647 1174 878 1226 omnium
902 1173 1034 1226 ratio
1061 1173 1138 1226 est
1162 1172 1278 1235 illa,
1317 1187 1446 1239 quae
1483 1169 1623 1223 fallit
1659 1169 1711 1221 et
1748 1167 1939 1236 decipit
1977 1168 2030 1221 et
2045 1163 2079 1214 6
2128 1228 2132 1233 ,

143 1258 438 1328 praestigiis
465 1259 788 1312 caecantibus
813 1259 1090 1312 ueritatem
1116 1258 1339 1311 stultum
1364 1258 1417 1310 et
1440 1256 1717 1325 prodigum
1736 1254 1927 1324 uulgus
1948 1254 2030 1306 in-

145 1344 302 1397 ducit.
343 1344 555 1411 spiritus
593 1345 714 1397 sunt
758 1345 998 1397 insinceri
1037 1345 1088 1397 et
1125 1343 1271 1412 uagi,
1312 1342 1401 1410 qui
1437 1342 1773 1411 posteaquam
1815 1339 2033 1393 terrenis

144 1430 291 1483 uitiis
333 1430 542 1483 inmersi
579 1431 701 1483 sunt
737 1432 789 1484 et
826 1448 856 1484 a
893 1432 1070 1500 uigore
1109 1429 1319 1483 caelesti
1354 1429 1555 1481 terreno
1595 1427 1828 1495 contagio
1865 1440 2033 1478 reces-

146 1517 344 1581 serunt,
384 1531 484 1568 non
510 1516 749 1569 desinunt
783 1517 975 1585 perditi
1009 1516 1220 1584 perdere
1256 1516 1309 1568 et
1348 1514 1616 1582 deprauati
1654 1528 1876 1566 errorem
1913 1527 2034 1579 pra-

89 1625 130 1656 15
146 1601 329 1654 uitatis
373 1602 654 1655 infundere.
719 1603 810 1655 hos
849 1603 902 1656 et
947 1604 1125 1671 poetae
1165 1602 1436 1655 daemonas
1477 1600 1665 1653 norunt
1712 1600 1764 1652 et
1801 1597 2037 1652 Socrates

146 1687 334 1740 instrui
371 1703 424 1740 se
462 1689 513 1740 et
549 1689 660 1758 regi
700 1689 763 1744 ad
801 1689 1075 1743 arbitrium
1102 1687 1356 1742 daemonii
1393 1687 1747 1756 praedicabat,
1788 1687 1840 1739 et
1865 1684 2036 1754 magis

234 1844 258 1886 1
290 1843 516 1887 interfecit
533 1844 615 1889 OB
701 1845 769 1901 de]
793 1844 898 1888 dum
914 1845 960 1888 B
1047 1844 1077 1890 2
1110 1843 1428 1887 commendatio
1450 1844 1519 1886 est
1539 1842 1586 1885 B
1673 1841 1703 1888 3
1734 1843 1814 1885 aut
1833 1840 1887 1884 de
1906 1842 1946 1882 B

148 1914 181 1959 4
211 1916 379 1959 certum
419 1916 474 1960 0¹
600 1916 629 1964 5
661 1918 816 1972 captus
854 1917 924 1959 est
959 1917 1004 1959 et
1038 1916 1185 1959 uictus
1215 1916 1385 1970 recepit
1419 1928 1475 1958 6ae
1510 1913 1659 1958 codice
1692 1913 1907 1957 Fuaeensi
1943 1913 2039 1956 Ba-

149 1986 298 2030 luzius
433 1987 539 2044 iugo
569 1987 607 2032 Ο
674 2018 678 2022 ψ
719 1987 748 2033 6
780 1989 849 2031 est
870 1989 914 2030 et
943 1987 980 2031 Ο
1102 1987 1248 2043 pullos
1271 1987 1439 2042 edaces]
1461 1986 1620 2043 Apollo
1646 1986 1821 2029 sedaces
1843 1987 1888 2028 et
1909 1984 1955 2028 B

147 2057 315 2101 Paulus
335 2058 499 2102 habuit
517 2072 544 2103 v
649 2061 802 2102 tamen
821 2073 901 2103 om.
935 2059 1015 2104 OB
1103 2059 1131 2105 7
1164 2072 1377 2103 mmcesus
1404 2059 1440 2103 Ο
1547 2057 1686 2101 africa
1706 2058 1753 2101 P
1837 2056 2039 2113 nauigia]

149 2131 289 2172 nauta
318 2130 372 2182 G,
402 2130 584 2187 nauigio
606 2132 720 2175 coni.
754 2131 979 2176 Cauchius
1067 2131 1096 2177 8
1127 2131 1428 2175 retinentibus
1453 2130 1657 2183 OLMP,
1699 2128 1955 2172 retinendas
1977 2128 2035 2184 B,

148 2201 447 2246 renitentibus
467 2215 494 2245 v
509 2219 564 2240 =
580 2203 631 2246 F
646 2205 725 2258 26,
748 2206 778 2246 4
885 2207 995 2247 aute
1016 2216 1065 2246 eo
1086 2202 1191 2246 add.
1217 2204 1261 2246 et
1281 2203 1335 2246 iu
1354 2202 1416 2245 M
1431 2204 1475 2245 2.
1498 2216 1562 2254 m3
1596 2202 1653 2256 cf.
1676 2202 1728 2245 F
1742 2204 1822 2257 26,
1846 2204 1900 2244 3.·
1934 2200 2043 2257 quid

150 2271 381 2329 Regulus?
401 2287 542 2317 nonne
559 2275 749 2330 auguria
766 2275 966 2318 seruauit
987 2276 1032 2318 et
1052 2276 1210 2331 captus
1231 2276 1300 2317 est
1312 2274 1334 2317 ’Β
1359 2273 1592 2318 Mancinus
1608 2273 1874 2329 religionem
1891 2273 2043 2316 tenuit

151 2345 197 2386 et
218 2344 299 2388 sub
320 2344 476 2401 iugum
495 2346 658 2389 missus
680 2348 749 2390 est
769 2348 815 2390 et
835 2347 1035 2402 deditus,
1086 2347 1232 2403 pullos
1255 2346 1406 2390 edaces
1428 2345 1589 2389 habuit
1622 2347 1668 2388 et
1687 2345 1854 2388 Paulus
1867 2378 1877 2397 ,
1932 2346 2041 2400 aput

152 2415 325 2460 Cannas
356 2418 508 2460 tamen
547 2431 646 2460 cum
679 2418 845 2461 maiore
883 2418 1036 2474 populi
1079 2418 1268 2461 Romani
1312 2420 1441 2474 parte
1476 2419 1727 2474 prostratus
1767 2418 1847 2459 est.
1900 2415 2040 2460 Graius

153 2486 333 2540 Caesar,
366 2501 419 2531 ne
457 2490 560 2532 ante
595 2488 799 2533 brumam
834 2489 882 2533 in
919 2489 1118 2533 Africam
1154 2489 1340 2546 nauigia
1374 2489 1726 2541 transmitteret,
1762 2487 1965 2544 auguriis
1996 2488 2042 2531 et

156 2560 368 2616 auspiciis
388 2561 701 2615 renitentibUS‚
727 2563 917 2619 spreuit:
942 2576 990 2606 eo
1011 2562 1190 2606 facilius
1212 2564 1257 2605 et
1277 2562 1516 2618 nauigauit
1537 2563 1582 2605 et
1601 2561 1715 2604 uicit
1796 2560 1861 2606 10
1882 2560 2042 2604 horum

154 2645 209 2675 eoe
227 2631 383 2674 horam
409 2633 512 2676 Om.
536 2636 569 2677 2
656 2633 830 2690 decepit
856 2635 910 2679 0¹
1025 2634 1084 2680 11
1117 2634 1396 2678 cercantibus
1426 2634 1463 2678 Ο
1546 2633 1787 2676 ueritatem
1808 2646 1889 2676 om.
1921 2631 1958 2676 0

153 2703 386 2760 prodigum
417 2705 659 2759 LPM¹B‚
692 2706 912 2750 crudelem
956 2707 1010 2760 G,
1052 2707 1277 2751 credulum
1307 2720 1333 2751 υ
1363 2712 1406 2751 et
1435 2707 1495 2750 M
1517 2720 1549 2750 s.
1583 2707 1608 2750 Z.
1641 2720 1696 2750 m.
1728 2708 1761 2749 2
1771 2723 1782 2758 ;
1814 2704 2043 2762 proditum

155 2776 272 2823 coni.
313 2777 490 2830 Routh,
521 2778 746 2834 perditum
780 2779 1038 2836 Riqaltius‚
1072 2779 1370 2836 improuidum
1399 2779 1628 2834 Wopkens
1664 2778 1758 2822 lect.
1795 2777 2045 2821 Tullianae

146 2860 198 2902 p.
219 2849 335 2902 142;
367 2848 424 2902 cf.
448 2853 601 2893 tamen
627 2850 763 2906 Cypr.
788 2850 844 2894 de
864 2864 998 2906 opere
1020 2856 1062 2895 et
1086 2852 1377 2908 eleemosynis
1398 2865 1431 2894 c.
1455 2854 1538 2894 16:
1570 2851 1754 2893 cuncta.
1786 2882 1821 2893 ..
1854 2848 2043 2905 prodiga

155 2919 201 2961 et
239 2919 382 2962 stulta
415 2920 698 2976 uoluptatum
733 2921 1049 2966 frustrantium
1084 2923 1287 2966 uanitate
1309 2922 1551 2979 depereunt
1659 2921 1848 2976 inducit]
1873 2921 2042 2965 inludit

154 2992 267 3035 coni.
286 2991 440 3036 Vonck
459 2992 486 3036 l.
510 3006 545 3036 c.
560 3007 609 3048 p.
634 2996 693 3037 73
811 2994 872 3039 12
895 2994 1081 3050 spiritus
1099 2996 1203 3038 sunt
1224 2994 1300 3050 Cv,
1332 3008 1366 3038 s.
1385 2995 1411 3038 l.
1430 3009 1483 3038 m.
1502 2997 1535 3038 2
1550 2995 1613 3038 Μ
1616 3011 1633 3049 ,·
1672 2995 1776 3037 sunt
1792 3006 1874 3037 om.
1892 2992 2039 3042 LPB,

147 3067 254 3119 post
273 3063 379 3119 uagi
392 3064 530 3118 pouit
556 3064 598 3108 V
626 3065 703 3120 (cf.
726 3065 777 3109 F
791 3068 868 3118 26,
893 3069 945 3110 7.-
985 3066 1170 3122 spiritus
1186 3068 1299 3109 'sunt
1320 3066 1530 3110 insinceri
1541 3099 1642 3110 .....
1676 3066 1757 3109 isti
1777 3065 1921 3122 igitur
1953 3065 2043 3121 spi-

154 3134 294 3187 ritus,
314 3136 603 3191 posteaquam
624 3137 725 3194 etc.)
816 3137 877 3183 13
899 3137 1105 3181 caelestis
1135 3137 1172 3182 G
1259 3138 1322 3183 14
1348 3137 1516 3193 perditi
1537 3151 1618 3182 om.
1642 3137 1920 3189 Gronouius,
1943 3149 2043 3192 per-

155 3204 244 3248 diti
277 3205 368 3249 iam
401 3206 452 3250 F
555 3207 616 3255 15
643 3210 771 3264 poete
800 3208 923 3262 OM,
954 3211 1108 3265 poetas
1144 3210 1207 3253 M
1210 3213 1240 3262 ¹,
1278 3211 1409 3265 poeta
1429 3211 1472 3251 B
1578 3209 1788 3253 demonas
1818 3209 1958 3254 GMP

159 3276 220 3323 16
241 3276 406 3320 instrui
426 3291 472 3321 se
492 3279 538 3321 et
558 3279 669 3335 regi]
691 3279 902 3323 introisse
922 3280 1047 3336 regia
1070 3282 1110 3322 B
1188 3280 1409 3324 daemonii
1424 3282 1602 3336 scripsi,
1625 3280 1870 3324 daemoniis
1881 3279 2039 3333 LMB,

157 3347 381 3391 daemonis
409 3348 541 3405 GPv;
589 3351 648 3405 cf.
677 3351 864 3394 Tertull.
886 3351 1076 3408 Apoloy.
1100 3351 1200 3396 adv.
1223 3366 1262 3409 9.
1288 3366 1321 3396 c.
1346 3355 1432 3405 22,
1466 3355 1582 3396 405.-
1629 3351 1786 3396 Sciunt
1806 3351 2042 3395 daemonas

156 3418 412 3475 philosophi
444 3419 621 3465 Socrate
650 3421 747 3478 ipso
777 3422 832 3466 ad
862 3422 1084 3466 daemonii
1122 3423 1361 3467 arbitrium
1398 3425 1702 3480 exspectante,
1734 3423 1785 3467 F
1800 3425 1879 3480 26,
1902 3426 1953 3468 9:
1987 3423 2043 3468 ad

158 3491 318 3533 nutum
335 3491 382 3534 et
402 3489 639 3536 arbitrium
655 3493 901 3537 adsidentis
923 3493 1011 3537 sibi
1027 3493 1263 3538 daemonis.

84 2987 109 2994 ‘-
