2332 3978
306 328 411 381 378
975 322 1217 369 Caecilii
1246 320 1523 379 Cypriani

306 457 441 510 esset
480 456 531 508 et
567 455 793 519 mortua,
834 454 900 508 ad
938 454 1153 507 cadauer
1192 452 1450 505 exanimae
1488 451 1678 503 Petrus
1717 449 1911 504 accitus
1949 452 2041 505 est.
2098 451 2188 519 qui

308 557 425 594 cum
451 540 653 610 inpigre
679 556 771 607 pro
796 539 1078 607 apostolica
1101 538 1426 591 humanitate
1452 536 1705 601 uenisset,
1734 536 2187 590 circumsteterunt

304 643 423 679 eum
451 627 637 679 uiduae
663 626 842 679 fientes
870 626 921 679 et
947 626 1210 694 roganteS‚
1261 623 1423 692 pallia
1462 624 1514 676 et
1550 622 1755 676 tunicas
1794 624 1846 676 et
1884 624 2056 677 omnia
2092 623 2186 677 illa

306 729 434 779 quae
460 713 603 779 prius
631 713 960 779 sumpserant
986 710 1292 763 indumenta
1317 709 1662 761 monstrantes
1699 724 1791 762 nec
1828 724 1919 776 pro
1946 710 2187 763 defuncta

303 799 410 851 suis
438 798 650 851 uocibus
677 798 766 851 sed
792 798 954 866 ipsius
977 797 1214 864 operibus
1236 796 1579 862 deprecantes,
1621 795 1782 847 sensit
1806 795 1993 848 Petrus
2019 796 2186 864 impe·
2225 812 2245 843 ε,
2304 835 2307 838 .

300 883 426 936 trari
463 899 610 951 posse
647 884 781 951 quod
821 884 894 936 sic
931 883 1201 950 petebatur
1238 898 1329 935 nec
1368 880 1669 934 defuturum
1697 880 1891 935 Christi
1930 882 2183 935 auxilium
2301 891 2303 893 ’

299 971 472 1022 uiduis
516 970 927 1038 deprecantib11S‚
981 970 1180 1037 quando
1209 969 1342 1021 esset
1368 968 1422 1020 in
1449 967 1623 1020 uiduis
1650 967 1761 1035 ipse
1786 969 2023 1021 uestitus,
2066 984 2185 1021 cum

299 1057 474 1124 itaque
501 1057 716 1125 genibus
742 1056 890 1109 nixus
918 1055 1111 1108 orasset
1139 1056 1190 1107 et
1229 1054 1508 1106 uiduarum
1547 1069 1605 1106 ac
1641 1070 1925 1122 pauperum
1966 1054 2178 1108 idoneus

299 1143 578 1195 aduocatus
604 1143 803 1211 legatas
831 1142 930 1194 sibi
957 1156 1130 1209 preces
1158 1141 1223 1193 ad
1250 1140 1533 1193 Dominum
1559 1141 1874 1207 pertulisset,
1905 1156 2180 1194 conuersus
2308 1204 2317 1214 „

301 1230 365 1282 ad
395 1244 574 1296 corpus
602 1228 737 1295 quod
763 1229 818 1280 in
844 1228 1023 1280 tabula
1048 1228 1154 1280 iam
1180 1227 1349 1279 lotum
1376 1227 1601 1290 iacebat,
1645 1227 1951 1291 Tabitha‚
1992 1227 2179 1294 inquit,
2200 1247 2241 1278 ιο
2318 1220 2325 1232 ”

300 1330 539 1381 exurge
577 1315 643 1366 in
680 1314 932 1366 nomine
970 1312 1113 1364 Iesu
1153 1311 1421 1365 Christi.
1478 1328 1570 1365 nec
1598 1312 1764 1366 defuit
1791 1314 1946 1366 Petro
1974 1314 2180 1381 quomi-
2329 1373 2332 1375 ,

299 1417 394 1453 nus
423 1400 603 1452 statim
629 1401 879 1466 perferret
911 1400 1164 1451 auxilium
1192 1399 1280 1465 qui
1306 1399 1360 1451 in
1387 1400 1652 1468 euangelio
1674 1400 1786 1452 dari
1807 1401 2005 1453 dixerat
2029 1400 2175 1468 quic·
2322 1399 2332 1475 ξ

299 1487 422 1554 quid
449 1486 631 1539 fuisset
658 1487 766 1539 eius
794 1487 998 1539 nomine
1026 1487 1365 1553 postulatum.
1406 1502 1544 1537 mors
1571 1487 1746 1554 itaque
1775 1487 2103 1554 suspenditur
2130 1489 2182 1540 et
2324 1478 2332 1511 ³

297 1573 510 1639 spiritus
549 1573 784 1625 redditur
824 1573 875 1624 et
913 1572 1224 1624 mirantibus
1264 1588 1321 1624 ac
1360 1573 1690 1640 stupentibus
1732 1573 1928 1625 cunctis
1956 1574 2020 1626 ad
2048 1574 2176 1627 hanc

296 1659 475 1711 mundi
515 1658 677 1710 denuo
717 1659 887 1711 lucem
914 1658 1208 1710 rediuiuum
1236 1674 1417 1724 corpus
1445 1659 1719 1711 animatur.
1762 1660 1970 1712 tantum
1996 1661 2177 1726 potue·
2195 1679 2235 1709 15

294 1745 415 1796 runt
453 1744 832 1797 misericordiae
871 1745 1082 1807 merita,
1123 1745 1330 1797 tantum
1373 1761 1526 1811 opera
1552 1745 1693 1797 iusta
1720 1746 2008 1798 ualuerunt.
2049 1762 2177 1813 quae

293 1830 643 1883 laborantibus
690 1831 863 1883 uiduis
910 1831 1104 1899 largita
1150 1831 1318 1883 fuerat
1364 1831 1594 1884 subsidia
1630 1832 1840 1884 uiuendi
1880 1832 2072 1884 meruit
2111 1833 2175 1884 ad

294 1916 461 1969 uitam
489 1917 764 1969 uiduarum
793 1918 1041 1984 petitione
1069 1918 1312 1970 reuocari.

247 1997 274 2047 7
368 2003 548 2069 Itaque
586 2004 639 2054 in
675 2004 938 2072 euangelio
965 2005 1217 2056 Dominus
1247 2004 1422 2057 doctor
1449 2004 1586 2056 uitae
1614 2006 1822 2058 nostrae
1850 2006 1900 2058 et
1926 2005 2176 2074 magister

297 2089 480 2142 salutis
508 2090 738 2143 aeternae
766 2091 1033 2142 uiuificans
1063 2091 1382 2143 credentium
1408 2093 1658 2158 populum
1679 2094 1732 2144 et
1754 2092 2034 2146 uiuificatis
2057 2109 2175 2146 con·
2195 2118 2237 2150 20

297 2176 466 2227 sulens
506 2176 558 2228 in
598 2178 862 2229 aeternum
890 2178 1023 2229 inter
1051 2194 1141 2230 sua
1166 2180 1413 2231 mandata
1451 2179 1629 2232 diuina
1669 2180 1719 2232 et
1757 2182 2025 2248 praecepta
2065 2169 2176 2234 cae—

297 2261 443 2313 lestia
470 2264 599 2315 nihil
629 2265 852 2316 crebrius
879 2266 1089 2317 mandat
1117 2267 1167 2317 et
1194 2266 1444 2333 praecipit
1464 2282 1618 2332 quam
1640 2268 1698 2318 ut
1719 2267 2021 2321 insistamus
2044 2269 2176 2321 elee-

296 2350 521 2416 mosynis
562 2351 747 2403 dandis
786 2367 876 2402 nec
916 2352 1132 2404 terrenis
1171 2353 1578 2419 possessionibus
1617 2353 1919 2406 incubemus
1947 2355 2035 2406 sed
2063 2370 2175 2408 cae-

295 2437 450 2490 lestes
477 2437 744 2490 thesauros
770 2439 943 2505 potius
970 2439 1319 2492 recondamus,
1370 2441 1659 2504 uendite,
1700 2441 1896 2508 inquit,
1938 2457 2036 2494 res
2075 2458 2175 2495 ue-

295 2524 463 2575 stras
505 2525 564 2575 et
604 2525 751 2577 date
792 2525 1293 2594 eleemosynam,
1355 2528 1406 2579 et
1450 2527 1667 2580 iterum:
1725 2528 1937 2580 nolite
1986 2528 2234 2580 uobis25

296 2609 566 2662 condere
605 2611 948 2664 thesauros
988 2628 1174 2678 super
1212 2615 1477 2677 terram,
1518 2614 1628 2666 ubi
1667 2614 1842 2667 tinea
1881 2614 1941 2666 et
1980 2629 2177 2667 come-

295 2696 483 2749 stura
521 2698 915 2751 exterminat
954 2700 1015 2751 et
1058 2700 1167 2751 ubi
1206 2700 1384 2753 fures
1443 2701 1786 2754 effodiunt
1842 2703 1902 2754 et
1959 2701 2176 2753 furan-

463 2867 516 2909 10
547 2867 643 2911 Act.
677 2869 715 2920 9,
740 2869 809 2912 40.
901 2870 957 2912 24
990 2870 1093 2913 Luc.
1119 2871 1184 2921 12,
1213 2871 1281 2914 33.
1371 2873 1427 2915 25
1457 2873 1620 2916 Matth.
1646 2873 1684 2925 6,
1710 2873 1763 2915 19
1786 2886 1850 2927 sq.

379 3009 400 3049 1
434 3012 548 3052 esset
571 3024 624 3053 cn
646 3014 712 3054 est
738 3012 777 3055 G
793 3027 847 3055 m.
866 3014 897 3055 2
996 3013 1227 3056 exanimae
1249 3014 1389 3066 SW¹‚
1414 3015 1611 3058 exanime
1633 3016 1769 3061 FW2
1785 3015 1852 3059 Gv
1940 3015 2176 3059 acci***tus

297 3080 359 3131 G,
385 3081 622 3124 accersitus
640 3083 689 3125 F
771 3084 798 3126 3
829 3085 959 3140 palca
980 3085 1043 3127 W
1125 3086 1152 3128 5
1183 3086 1274 3128 suis
1297 3100 1377 3129 om.
1403 3087 1452 3130 F
1536 3088 1648 3143 ipsis
1670 3087 1720 3131 F
1802 3088 1830 3130 8
1860 3087 2019 3144 gennis
2048 3088 2089 3132 G

291 3151 408 3193 nixis
438 3152 479 3194 V
563 3155 607 3196 ct
629 3168 709 3197 om.
733 3169 759 3199 v
875 3156 902 3199 9
933 3156 1198 3211 protulisset
1227 3158 1268 3201 G
1376 3159 1430 3201 10
1459 3159 1665 3203 tabulam
1689 3159 1726 3203 S
1811 3159 2003 3203 dabitha
2029 3161 2093 3205 W

294 3223 345 3264 11
380 3224 554 3267 nominc
575 3212 671 3268 dffii
692 3227 729 3270 S
814 3228 909 3271 iesu
932 3242 1012 3271 om.
1046 3228 1087 3272 G
1192 3231 1246 3273 12
1277 3229 1493 3285 perferret
1516 3232 1579 3284 F,
1614 3231 1751 3275 ferret
1775 3231 1953 3276 SWGv
2041 3245 2175 3275 euan-

290 3294 408 3348 gelio
431 3309 506 3338 suo
537 3296 577 3339 G
668 3298 720 3340 14
751 3299 834 3342 hac
859 3299 896 3343 S
990 3300 1044 3343 16
1075 3313 1230 3355 operae
1253 3301 1399 3345 iustae
1423 3302 1473 3345 F
1586 3303 1638 3345 17
1671 3304 1852 3346 fuerant
1873 3303 1923 3347 F
2033 3302 2104 3359 ad]
2128 3304 2176 3346 in

290 3364 405 3408 hanc
425 3367 474 3409 F
556 3369 613 3411 20
644 3369 919 3413 credentium
940 3371 1155 3427 populum
1178 3374 1222 3414 ct
1245 3372 1506 3430 uiuificatis]
1530 3375 1575 3417 et
1597 3373 1635 3417 S
1652 3374 1758 3428 fort.
1784 3375 1954 3418 rectius
2042 3374 2097 3418 21
2129 3376 2175 3417 et

289 3435 444 3479 diuina
473 3438 513 3480 G
621 3440 678 3484 22
710 3441 936 3497 praecepit
958 3442 1022 3486 W*
1031 3446 1039 3468 ¹
1155 3442 1368 3486 sistamus
1393 3443 1430 3487 S
1533 3445 1590 3488 24
1618 3445 1886 3489 thensauros
1909 3444 2046 3498 SW2,
2076 3444 2174 3489 the-

291 3521 442 3550 sauros
466 3510 565 3562 W¹,
599 3512 667 3554 ita
701 3513 728 3554 l.
750 3526 868 3568 seqq.
886 3518 1078 3569 uterque
1100 3514 1192 3557 nisi
1213 3515 1334 3569 quod
1360 3516 1423 3559 W
1431 3520 1438 3542 ¹
1464 3516 1656 3561 thesaur.
1806 3517 1863 3561 25
1894 3517 2024 3561 datae
2049 3516 2087 3561 S

291 3578 574 3623 aelimosinas
593 3581 634 3624 G
735 3583 790 3625 26
812 3598 942 3640 super
959 3585 1142 3641 terram]
1163 3585 1208 3628 in
1226 3587 1345 3628 terra
1363 3586 1404 3630 G
1510 3589 1638 3631 tenea
1651 3588 1688 3633 S
1786 3589 1841 3632 27
1873 3588 2174 3632 exterminant

299 3648 366 3693 Vv
457 3652 500 3692 ct
522 3651 650 3706 (ante
673 3652 767 3708 ubi)
789 3655 897 3698 add.
929 3656 1010 3699 W²
