2332 3978
612 252 687 296 De
715 249 991 296 dominica.
1019 248 1282 294 oratione
1312 261 1347 292 6.
1381 247 1562 292 17-19.
1926 248 2029 302 281

154 386 354 443 Christo
379 396 644 437 manemus
670 380 722 435 et
746 379 975 433 uiuimus
1002 394 1032 432 a
1057 376 1460 432 sanctificatione
1487 378 1596 432 eius
1622 378 1674 432 et
1700 391 1906 447 corpore
1930 391 2031 430 non

154 472 466 528 recedamus,
2091 528 2093 532 Ι

223 556 403 611 Potest
426 568 547 608 uero
574 552 727 608 etsie
760 551 1022 622 intellegi,
1061 551 1122 604 ut
1159 550 1250 619 qui
1287 550 1491 604 saeculo
1529 549 1940 621 renuntiauimus
1980 550 2120 605 et19

152 643 365 700 diuitias
399 642 509 696 eius
544 641 596 695 et
630 654 845 708 pompas
882 638 983 692 fide
1006 637 1220 708 xgratiae
1257 635 1508 706 spiritalis
1547 636 1827 691 abiecimus
1859 636 2034 690 cibum

97 744 117 778 ⁶
151 729 297 785 nobis
323 728 530 782 tantum
554 726 791 794 petamus
818 726 870 779 et
895 724 1095 778 uictum
1112 763 1125 789 ,
1165 723 1368 791 quando
1413 723 1641 776 instruat
1683 723 1936 777 Dominus
1981 725 2034 776 et

151 816 314 870 dicat:
363 813 471 882 qui
522 827 642 866 non
697 810 1045 865 renuntiat
1099 808 1391 863 omnibus
1448 824 1605 877 quae
1661 809 1811 862 sunt
1866 809 2029 874 ciue,

149 918 274 957 non
328 899 549 971 potest
603 913 778 953 meus
833 896 1210 964 discipulus
1263 910 1414 949 esse.
1481 895 1571 963 qui
1616 895 1792 948 autem
1836 893 2032 948 Christi

150 987 314 1055 coepit
356 1002 465 1041 esse
508 984 790 1053 discipulus
833 982 1115 1037 secundum
1149 981 1393 1052 magistri
1419 981 1501 1036 sui
1527 996 1707 1035 uocem
1732 980 2032 1034 renuntians

150 1073 411 1139 omnibus,
451 1071 695 1126 diurnum
733 1070 886 1124 debet
923 1069 1098 1124 cibum
1134 1069 1308 1138 petere
1345 1083 1438 1123 nec
1462 1068 1516 1122 in
1540 1068 1756 1138 longum
1781 1067 2034 1121 desideria

94 1172 136 1206 10
147 1159 411 1229 petitionis
432 1157 700 1212 extendere
725 1157 837 1224 ipso
863 1155 1057 1210 iterum
1074 1154 1297 1209 Domino
1322 1154 1699 1224 praescribente
1726 1154 1778 1208 et
1804 1154 2033 1208 dicente:

147 1247 358 1303 nolite
394 1246 459 1299 in
497 1243 855 1299 crastinum
894 1241 1225 1312 cogitare:
1286 1241 1622 1295 crastinus
1670 1240 1838 1295 enim
1887 1239 2033 1293 dies

147 1336 283 1403 ipse
320 1331 647 1402 cogitabit
683 1329 830 1383 sibi.
873 1327 1145 1382 sufficit
1182 1327 1316 1381 diei
1355 1327 1616 1381 malitia
1653 1343 1784 1381 sua.
1844 1326 2031 1380 merito

148 1434 268 1489 ergo
295 1417 488 1472 Christi
513 1415 796 1484 discipulus
822 1414 1025 1470 uictum
1051 1414 1154 1468 sibi
1178 1413 1234 1467 in
1260 1413 1398 1467 diem
1422 1413 1654 1481 postulat
1691 1413 1781 1481 qui
1819 1413 1882 1466 de
1921 1428 2031 1466 cra-

148 1506 282 1559 stino
320 1505 544 1575 cogitare
581 1502 909 1572 prohibetur,
949 1502 1071 1570 quia
1109 1502 1161 1556 et
1199 1501 1516 1555 contrarium
1554 1500 1655 1554 sibi
1691 1499 1752 1553 fit
1791 1501 1843 1554 et
1879 1516 2031 1568 repu-

40 1626 46 1633 -
90 1613 130 1646 15
150 1607 335 1662 gnanS,
374 1591 434 1644 ut
460 1604 763 1659 quaeramus
789 1588 844 1642 in
870 1588 1073 1642 saeculo
1100 1587 1191 1641 diu
1216 1588 1393 1641 uiuere
1432 1588 1521 1656 qui
1558 1587 1787 1655 petimus
1813 1602 2032 1656 regnum

145 1678 242 1732 Dei
268 1676 513 1732 uelociter
537 1675 792 1729 aduenire.
831 1674 906 1728 sic
931 1676 984 1728 et
1008 1674 1192 1728 beatus
1218 1674 1480 1742 apostolus
1505 1674 1681 1727 monet
1719 1673 1946 1727 formans
1974 1674 2027 1727 et

148 1765 474 1819 corroborans
499 1763 609 1830 spei
634 1762 838 1816 nostrae
863 1777 922 1815 ac
949 1760 1071 1815 fidei
1096 1760 1416 1815 firmitatem.
1454 1760 1654 1826 nihil,
1694 1760 1894 1829 inquit,
1940 1760 2058 1826 111--Ι

146 1851 433 1905 tulimus
470 1849 534 1902 in
570 1849 736 1902 hunc
772 1848 1101 1913 mundum,
1160 1864 1384 1902 uerum
1434 1862 1546 1902 nec
1600 1847 1856 1901 auferre
1893 1861 2030 1916 pos-

28 1986 30 1990 .
145 1952 384 1991 sumus.
434 1936 751 1990 habentes
798 1935 1022 2004 itaque
1068 1935 1550 1989 exhibitionem
1597 1935 1660 1987 et
1697 1935 2030 2004 tegumen-

0 2015 41 2097 Q
89 2024 280 2077 2otum
316 2023 422 2077 his
460 2022 760 2076 contenti
798 2037 1030 2075 sumus
1088 2022 1197 2090 qui
1246 2022 1466 2076 autem
1504 2022 1738 2076 uolunt
1776 2022 2030 2076 diuites

7 2081 41 2186 ἦ
145 2108 298 2164 fieri
350 2109 661 2163 incidunt
716 2109 782 2162 in
836 2109 1340 2177 temptationem
1398 2110 1459 2163 et
1508 2109 1908 2177 muscipulas
1967 2108 2031 2161 et

12 2188 23 2219 '³
144 2195 480 2251 desideria
535 2197 745 2250 multa
801 2198 864 2250 et
919 2196 1224 2250 nocentia
1279 2211 1440 2264 quae
1488 2196 1787 2265 mergunt
1823 2196 2028 2248 homi-

144 2283 385 2336 nemin
421 2282 856 2350 perditionem
894 2284 957 2336 et
993 2282 1452 2337 ininteritum
1493 2282 1680 2335 radix
1706 2282 1871 2335 6111111
1906 2296 2029 2335 6111-

143 2368 318 2421 11111111
354 2368 671 2422 malorum
727 2369 824 2421 est
876 2368 1217 2436 cupiditas
1272 2384 1459 2436 quam
1515 2368 1784 2436 quidam
1842 2368 2027 2436 adpe-

90 2454 357 2509 2⁵tentes
395 2453 958 2523 naufragauerunt
1004 2470 1035 2508 a
1082 2453 1220 2508 fide
1258 2456 1325 2508 et
1362 2454 1788 2507 inseruerunt
1826 2469 1889 2507 se
1927 2454 2029 2506 do-

144 2540 397 2595 loribus
434 2541 684 2594 multis

313 2713 340 2756 6
370 2712 474 2757 Luc.
498 2712 564 2766 14,
587 2712 656 2757 33.
747 2712 801 2756 11
831 2711 995 2756 Matth.
1020 2712 1059 2765 6,
1082 2711 1150 2755 34.
1244 2711 1297 2754 17
1329 2712 1353 2755 Ι
1374 2711 1486 2755 Tim.
1510 2712 1549 2764 6,
1575 2711 1600 2754 7
1624 2704 1688 2767 sq.

231 2856 256 2899 1
287 2856 334 2900 et
353 2867 529 2914 corpore
551 2855 646 2899 eius
668 2856 729 2901 W
844 2855 872 2900 5
901 2856 1106 2912 petamus
1128 2856 1173 2899 et
1194 2854 1365 2899 uictum
1386 2857 1467 2899 om.
1489 2854 1525 2899 S
1641 2854 1668 2898 6
1698 2854 2027 2898 renuntiauerit

151 2927 206 2971 W
289 2927 417 2985 quae]
441 2927 519 2984 qui
543 2929 598 2971 W
679 2927 707 2972 8
737 2940 831 2971 esse
851 2926 997 2984 coepit
1012 2928 1077 2973 W
1152 2940 1304 2972 uocem
1324 2926 1536 2983 magistri
1559 2926 1629 2970 sui
1647 2927 1711 2971 W
1785 2926 1842 2970 10
1861 2939 1912 2970 ea
1931 2927 2029 2969 ten-

145 2998 247 3044 dere
272 2999 337 3045 W
420 2998 594 3044 dicente
614 3011 670 3043 ea:
690 2997 871 3043 docente
893 2997 931 3043 S
948 3012 1004 3042 m.
1023 3001 1049 3043 1
1165 2999 1218 3042 11
1251 2998 1347 3042 dies
1368 3011 1450 3043 om.
1475 2998 1704 3042 Batuzius
1824 2997 1878 3041 12
1910 2996 2029 3054 cogi-

145 3071 266 3115 tauit
292 3071 354 3116 G¹
485 3069 683 3115 sufficiat
704 3069 742 3115 S
869 3070 926 3114 14
946 3070 1052 3126 quia
1072 3070 1133 3127 et]
1159 3083 1216 3113 an
1236 3083 1322 3114 non
1340 3069 1381 3115 G
1495 3069 1584 3113 tibi
1606 3070 1648 3114 G
1763 3069 1815 3113 fit
1836 3082 1891 3112 eoe
1913 3068 1975 3112 sit
1996 3067 2036 3113 S

145 3155 201 3188 m.
218 3147 265 3196 1,
296 3143 478 3187 uidetur
508 3142 551 3187 G
658 3141 714 3185 16
745 3141 898 3186 uenire
927 3141 970 3186 G
1071 3142 1251 3185 firmans
1280 3141 1324 3187 G
1430 3142 1484 3186 17
1516 3155 1565 3186 ac
1587 3141 1691 3185 fidei
1710 3142 1887 3185 nostrae
1910 3140 1949 3184 S

144 3213 292 3272 inquit
310 3228 394 3260 om.
423 3214 466 3259 G
554 3213 610 3258 18
629 3214 851 3269 nequeW,
873 3212 979 3269 quia
999 3226 1077 3258 nec
1100 3212 1136 3257 S
1222 3213 1338 3257 ferre
1360 3213 1399 3258 S
1482 3212 1734 3269 possumus]
1755 3212 1894 3255 simus
1911 3211 1947 3255 S

146 3286 201 3331 19
231 3285 565 3342 exhibitionem]
587 3285 912 3329 nutrimentum
938 3286 1003 3331 W
1101 3286 1147 3329 et
1165 3285 1446 3342 tegmentum
1469 3285 1524 3336 S,
1550 3298 1631 3329 om.
1652 3285 1708 3326 W
1804 3283 1862 3326 20
1892 3282 2030 3326 simus

151 3358 241 3404 Wv
381 3357 438 3401 21
467 3355 763 3412 muscipulam
790 3355 859 3402 Gv
991 3356 1049 3400 22
1079 3356 1280 3406 homines
1308 3357 1350 3401 G
1498 3355 1555 3399 23
1585 3355 1699 3399 etin
1720 3354 1954 3398 interitum
1980 3355 2036 3397 W

147 3428 224 3474 sed
244 3429 292 3473 in
312 3443 345 3474 s.
369 3430 397 3474 l.
418 3442 475 3474 m.
496 3430 549 3481 2,
572 3439 655 3473 om.
677 3427 788 3484 SG,·
818 3427 878 3483 cf.
902 3432 998 3474 test.
1023 3428 1118 3474 III
1132 3431 1189 3474 61
1206 3442 1254 3486 p.
1275 3430 1376 3482 165,
1399 3427 1456 3472 de
1477 3427 1619 3483 lapsis
1647 3439 1683 3471 6.
1705 3427 1787 3478 12,
1820 3425 1876 3470 de
1896 3438 2031 3482 opere

152 3504 194 3546 et
214 3500 266 3545 el.
288 3514 323 3547 c.
346 3503 405 3545 10
