2332 3978
814 316 889 359 ne
918 315 1099 372 lapsis
1130 329 1164 360 ο.
1197 317 1349 361 7—10.
1914 320 2020 374 243

43 459 46 462 ’
127 464 229 516 quo
255 446 534 499 moriturus
561 447 865 511 accesserat,
893 461 1047 516 rogus
1076 445 1154 499 illi
1179 446 1318 500 fuit?
1343 462 1443 500 non
1468 448 1662 502 diaboli
1687 448 1849 504 altare
1875 449 2010 516 quod

129 533 320 587 faetore
367 533 532 584 taetro
570 531 769 585 fumare
796 547 854 584 ac
877 533 1100 587 redolere
1127 534 1451 600 conspexerat
1489 534 1633 586 uelut
1659 533 1810 586 funus
1836 534 1888 586 et
1913 534 2009 587 bu·-

131 619 271 672 stum
297 611 581 670 uitaesuae
607 618 810 672 horrere
836 634 894 672 ac
920 619 1094 688 fugere
1122 619 1377 672 debebat?
1415 620 1540 686 quid
1566 620 1792 673 hostiam
1817 620 2007 685 tecum,

130 705 300 768 miser,
329 704 451 771 quid
472 704 743 757 uictimam
770 704 1147 771 supplicaturus
1172 705 1438 773 inportas?
1464 706 1573 772 ipse
1600 706 1664 758 ad
1690 722 1801 758 aras
1826 707 2010 773 hostia,

93 811 112 843 5
131 790 346 843 uictima
370 790 479 857 ipse
505 790 721 855 uenisti,
763 791 1027 845 inmolasti
1052 791 1163 844 illic
1202 792 1423 845 salutem
1462 793 1635 857 tuam,
1677 808 1818 860 spem
1845 795 2007 858 tuam,

129 875 283 929 fidem
309 877 456 928 tuam
482 875 700 930 funestis
727 877 837 929 illic
861 877 1068 947 ignibus
1095 877 1444 931 concremasti.

198 961 276 1014 Ac
302 961 485 1015 multis
510 962 743 1029 proprius
769 963 1007 1017 interitus
1029 964 1155 1017 satis
1175 959 1275 1018 non
1294 964 1420 1017 fuit:
1449 964 1789 1017 hortamentis
1813 964 2010 1018 mutuis
2065 960 2097 1010 9

127 1047 182 1100 111
207 1046 423 1100 exitium
449 1048 670 1115 populus
696 1049 929 1116 inpulsus
957 1051 1059 1115 est,
1100 1065 1236 1103 mors
1261 1051 1486 1104 inuicem
1512 1050 1659 1103 letali
1684 1050 1864 1117 poculo
1891 1066 2008 1117 pro-

126 1134 304 1202 pinata
330 1134 422 1187 est.
463 1149 521 1187 ac
564 1150 627 1188 ne
672 1135 795 1202 quid
838 1135 1036 1189 deesset
1080 1136 1144 1189 ad
1187 1136 1418 1189 criminis
1455 1136 1747 1200 cumulum,
1787 1135 2009 1189 infantes

71 1241 113 1272 ιο
129 1234 328 1294 quoque
353 1219 621 1286 parentum
648 1220 887 1273 manibus
913 1221 1126 1290 inpositi
1169 1222 1255 1275 uel
1298 1222 1519 1275 adtracti
1564 1222 1847 1275 amiserunt
1892 1238 2010 1290 par-

127 1305 238 1358 uuli
265 1307 398 1372 quod
435 1307 489 1358 in
525 1307 691 1374 primo
730 1308 909 1361 statim
945 1308 1239 1361 natiuitatis
1267 1308 1472 1361 exordio
1501 1307 1708 1362 fuerant
1734 1309 2007 1361 consecuti.

125 1407 288 1445 nonne
314 1391 421 1456 illi,
462 1409 579 1445 cum
605 1393 784 1446 iudicii
810 1394 918 1446 dies
944 1394 1168 1459 uenerit,
1211 1394 1410 1448 dicent:
1463 1389 1572 1448 ‘nos
1616 1395 1748 1448 nihil
1792 1394 2007 1448 fecimus

124 1492 215 1530 nec
253 1477 494 1530 derelicto
533 1478 645 1531 cibo
684 1480 736 1531 et
772 1466 952 1546 poculo
990 1480 1199 1532 Domini
1237 1479 1302 1533 ad
1328 1481 1541 1547 profana
1568 1481 1803 1550 contagia
1829 1483 2007 1548 sponte

30 1571 34 1574 ’
124 1563 535 1630 properauimus:
581 1564 808 1632 perdidit
850 1580 939 1618 nos
985 1565 1152 1618 aliena
1194 1566 1432 1633 perfidia,
1472 1568 1709 1634 parentes
1756 1567 2007 1620 sensimus

66 1669 108 1702 15
123 1647 431 1714 parricidas:
469 1649 551 1701 illi
576 1649 721 1701 nobis
749 1650 1017 1703 ecclesiam
1042 1652 1290 1717 matrem,
1338 1652 1419 1704 illi
1463 1652 1663 1719 patrem
1703 1653 1873 1705 Deum
1917 1669 2006 1705 ne-

125 1736 403 1802 gauerunt,
443 1735 501 1787 ut
546 1735 670 1789 dum
713 1736 861 1803 parui
907 1737 958 1788 et
999 1736 1257 1803 inprouidi
1302 1737 1354 1790 et
1397 1738 1530 1790 tanti
1570 1738 1810 1791 facinoris
1837 1739 2007 1807 ignari

122 1834 212 1887 per
237 1819 364 1872 alios
390 1820 454 1872 ad
481 1821 795 1874 consortium
822 1822 1097 1875 criminum
1129 1823 1422 1892 iungimur,
1468 1822 1635 1877 aliena
1655 1824 1835 1878 fraude
1857 1840 2004 1892 cape-

123 1893 351 1957 remur³‘?

192 1989 299 2041 Nec
344 1991 421 2043 est
460 2006 551 2058 pro
593 1992 736 2044 dolor
779 1993 916 2046 iusta
960 1994 1149 2061 aliqua
1172 1997 1222 2048 et
1258 1996 1433 2064 grauis
1462 2013 1614 2050 causa
1642 2012 1768 2063 quae
1794 1998 2000 2050 tantum
2027 1999 2091 2049 lo

62 2086 108 2120 20
122 2072 319 2128 facinus
346 2079 563 2130 excuset.
606 2078 938 2145 relinquenda
966 2080 1075 2149 erat
1117 2081 1288 2147 patria
1332 2083 1384 2135 et
1427 2083 1727 2149 patrimonii
1771 2082 2004 2136 facienda

120 2158 335 2213 iactura.
375 2161 457 2214 cui
485 2163 622 2214 enim
647 2178 747 2216 non
771 2166 999 2218 nascenti
1025 2166 1188 2233 adque
1214 2168 1453 2220 morienti
1480 2169 1812 2236 relinquenda
1843 2185 2003 2236 quan-

121 2244 284 2311 doque
308 2247 479 2314 patria
505 2249 556 2300 et
581 2249 878 2315 patrimonii
904 2251 984 2303 sui
1010 2252 1241 2306 facienda
1267 2253 1466 2306 iactura
1492 2255 1606 2307 est‘?
1644 2254 1877 2308 Christus
1904 2272 2004 2308 non

119 2329 462 2397 relinquatur,
503 2334 686 2386 salutis
732 2351 791 2388 ac
836 2336 969 2388 sedis
1008 2338 1241 2392 aeternae
1283 2339 1482 2392 iactura
1507 2340 1769 2393 timeatur.
1812 2342 2003 2394 clamat

120 2431 236 2469 ecce
260 2433 350 2484 per
374 2419 675 2486 prophetam
704 2420 929 2489 Spiritus
956 2424 1185 2476 sanctus:
1242 2424 1347 2476 dis
1364 2441 1389 2477 c
1405 2425 1601 2491 edite,
1653 2426 1998 2491 discedite,

287 2558 344 2602 24
373 2558 444 2603 Es,
468 2561 537 2613 52,
560 2561 626 2605 11.

206 2701 230 2742 1
252 2704 495 2746 accesserat
506 2702 553 2757 S,
571 2704 755 2766 accessit
770 2706 905 2750 WRv
982 2707 1137 2751 ***fuit
1152 2710 1216 2754 W
1226 2708 1336 2765 (iam
1349 2709 1371 2753 ‚2
1388 2712 1520 2766 eras.)
1608 2711 1711 2767 non]
1731 2724 1873 2755 nonne
1888 2724 1913 2755 υ

114 2770 146 2814 ’2
175 2770 314 2815 fetore
336 2773 419 2819 SR
555 2774 749 2820 redolere
777 2778 841 2822 W
860 2790 975 2821 corr.
1006 2779 1060 2822 in
1080 2793 1242 2837 mam„
1273 2782 1326 2824 in
1356 2787 1574 2826 contextu
1603 2784 1752 2827 redore
1890 2784 1917 2827 3
1948 2798 1998 2828 ac

118 2855 172 2886 ne
192 2843 237 2888 R
321 2845 351 2888 4
381 2847 712 2903 supplicaturus
734 2848 773 2892 S
779 2849 838 2894 W
847 2850 950 2903 VR,
974 2850 1284 2896 immolaturus
1306 2854 1381 2897 uel
1401 2854 1710 2899 immolaturus
1734 2857 1806 2900 uel
1827 2857 1997 2913 suppli-

113 2916 295 2959 caturus
316 2931 343 2961 v
460 2918 659 2974 inportas
682 2920 736 2973 S,
769 2920 944 2977 inponis
967 2923 1101 2968 WRv
1208 2925 1340 2968 haras
1363 2927 1466 2979 W1,
1497 2940 1620 2970 aram
1639 2929 1823 2984 scripsit
1844 2929 1997 2973 Balm-

115 2987 217 3031 zius
335 2989 363 3032 5
392 2989 488 3046 ipse
509 2991 696 3036 uictima
713 2993 749 3037 S
863 2995 1052 3038 salutem
1072 2998 1199 3040 tuam
1220 3010 1301 3041 om.
1320 2998 1366 3043 R
1483 3013 1605 3056 spem
1624 3001 1751 3044 tuam
1772 3015 1853 3045 om.
1878 3001 1916 3045 S

113 3057 143 3101 6
162 3057 255 3102 illis
274 3061 351 3105 Wv
468 3062 493 3105 7
516 3075 566 3106 ac
585 3076 667 3107 om.
690 3064 729 3108 S
831 3067 1093 3111 ortamentis
1118 3068 1245 3122 WS2,
1268 3068 1596 3114 hortamentum
1618 3072 1656 3116 S
1663 3076 1672 3100 ¹
1772 3073 1799 3115 8
1830 3074 1999 3116 exitum

117 3127 155 3172 S
161 3131 172 3156 ¹
189 3129 267 3173 W¹
365 3133 540 3189 populis
563 3136 643 3180 W¹
760 3137 817 3180 10
844 3138 1116 3194 parentissum
1141 3141 1205 3185 W
1327 3141 1512 3198 inpositi
1532 3142 1666 3188 SRV
1681 3149 1724 3186 et
1744 3145 1997 3200 Augustam.

70 3251 74 3254 ,
114 3200 247 3255 epist.
265 3205 327 3247 98
348 3217 382 3247 c.
403 3207 455 3257 3,
494 3206 562 3249 uel
582 3206 768 3263 inpositi
792 3209 879 3254 Wv
967 3210 1211 3254 adtractati
1232 3212 1296 3266 R,
1329 3212 1569 3257 adtrectati
1589 3214 1786 3271 Auyust.
1894 3228 1996 3272 par-

61 3316 66 3321 ,
114 3270 206 3314 11011
232 3274 295 3318 W
400 3275 455 3318 12
485 3276 558 3320 illi
579 3291 659 3322 om.
684 3279 729 3324 R
830 3280 949 3324 nihil
969 3282 1079 3325 mali
1098 3283 1284 3338 scripsit
1303 3283 1530 3329 Baluzius
1621 3286 1674 3329 13
1705 3285 1801 3329 cibo
1828 3287 1893 3332 W
1908 3300 1942 3331 s.
1965 3287 1992 3331 l.

115 3354 168 3385 m.
187 3345 220 3387 2
298 3345 354 3389 14
374 3347 573 3391 sensibus
589 3350 634 3394 R
713 3351 1013 3396 15‘dominum
1033 3354 1229 3410 Auyust.
1306 3355 1361 3400 16
1381 3357 1434 3399 ut
1454 3355 1558 3400 dum
1579 3370 1635 3400 eoe
1655 3356 1714 3400 ud
1730 3357 1860 3402 Wm.
1877 3362 1908 3403 2

115 3412 170 3476 17
199 3416 397 3472 capimur
417 3418 463 3463 R
547 3420 602 3463 21
634 3421 807 3466 factura
828 3424 874 3468 R
973 3425 1076 3482 non]
1101 3431 1210 3470 ante
1230 3427 1432 3470 nascenti
1453 3428 1628 3471 exhibet
1645 3427 1859 3481 SWRV,
1890 3435 1994 3485 post

114 3486 322 3531 morienti
336 3502 363 3532 υ
441 3492 668 3536 nascentia
685 3495 817 3550 atque
834 3496 1073 3540 morientia
1088 3497 1134 3542 R
1211 3498 1500 3553 relinquenda
1522 3500 1619 3541 erat
1634 3500 1696 3543 W
1772 3500 1991 3559 quandoq.

37 3575 39 3577 ·
113 3567 171 3598 ex
192 3561 488 3615 quanq.Wm.
504 3565 536 3606 2
613 3563 668 3607 22
689 3567 758 3608 cst
777 3567 869 3610 Ws.
885 3567 912 3610 ῖ.
926 3571 1023 3612 ’1112
1114 3569 1166 3611 111
1187 3569 1382 3612 christus
1404 3568 1546 3613 Oxon.
1628 3569 1684 3612 23
1706 3571 1880 3629 salutis]
1901 3573 1991 3616 sal-

112 3626 184 3670 uis
197 3628 243 3674 R
318 3633 522 3677 aeternae
539 3635 642 3679 Ws.
659 3635 686 3678 l.
703 3649 746 3679 m
758 3637 799 3680 ,2
888 3638 1126 3682 timeamur
1143 3641 1207 3686 W
1290 3640 1347 3683 24
1367 3641 1539 3697 profeta
1556 3654 1611 3685 ex
1627 3641 1820 3697 profetas
1839 3641 1878 3688 S
1888 3656 1944 3688 m.
1955 3646 1986 3688 2

1540 3712 1646 3766 16²¹<
