2332 3978
299 278 408 334 424
977 273 1216 320 Caecilii
1247 271 1517 331 Cypriani

307 410 482 478 quitur
507 406 685 462 delicti
711 403 1147 460 consummatione
1171 403 1364 457 finitur.
1405 402 1459 455 in
1498 401 1732 455 adultero
1776 404 1943 457 cessat
1986 402 2183 458 facinus

305 495 596 564 perpetrato
622 494 799 561 stupro
813 533 825 557 ,
864 491 918 544 in
962 491 1161 544 latrone
1206 487 1522 556 conquiescit
1565 488 1730 542 scelus
1773 488 2052 544 homicidio
2091 492 2183 545 ad-

305 582 462 636 misso
490 581 541 634 et
565 579 806 648 praedoni
831 577 1170 646 rapacitatem
1209 575 1396 629 statuit
1420 589 1653 647 possessa
1678 575 1868 644 praeda
1893 578 1946 630 et
1972 576 2182 633 falsario

305 669 519 722 modum
544 666 690 734 ponit
714 664 932 733 impleta
957 663 1175 716 fallacia.
1218 662 1355 715 zelus
1382 661 1664 715 terminum
1704 677 1805 715 non
1847 663 2027 729 habet,
2067 679 2181 733 per-

304 769 515 808 manens
540 753 734 823 iugiter
759 752 959 805 malum
986 752 1037 803 et
1064 750 1171 803 sine
1196 748 1295 801 fine
1320 748 1615 816 peccatum,
1656 749 1945 817 quantoque
1984 749 2074 803 ille
2101 752 2184 805 cui
2220 767 2240 798 ⁵
2300 764 2305 798 t

302 841 565 894 inuidetur
592 854 827 892 successu
853 837 1065 890 meliore
1090 834 1360 904 profecerit
1386 835 1531 887 tanto
1558 834 1767 889 inuidus
1804 835 1860 888 in
1896 836 2064 889 maius
2103 837 2183 890 in-

307 926 544 980 cendium
571 925 750 979 liuoris
777 924 984 994 ignibus
1011 921 1306 975 inardescit.

253 1010 283 1059 8
372 1015 422 1067 H
428 1014 510 1067 inc
536 1013 713 1065 uultus
738 1011 938 1074 minax,
977 1012 1156 1062 toruus
1184 1009 1445 1075 aspectuS,
1485 1009 1652 1076 pallor
1674 1008 1729 1061 in
1752 1009 1906 1074 facie,
1947 1009 2001 1062 in
2026 1009 2182 1063 labiis

302 1102 519 1164 tremor,
560 1094 748 1151 stridor
790 1097 844 1149 in
886 1095 1155 1159 dentibUS,
1196 1094 1352 1147 uerba
1397 1094 1600 1159 rabida,
1642 1094 1887 1148 effrenata
1931 1096 2178 1161 conuicia,
2324 1160 2332 1178 2

299 1203 480 1239 manus
508 1186 571 1238 ad
598 1183 766 1237 caedis
805 1182 1107 1235 uiolentiam
1130 1183 1384 1250 prompta,
1434 1181 1639 1235 etiamsi
1683 1199 1713 1235 a
1756 1182 1930 1251 gladio
1973 1182 2181 1235 interim
2198 1195 2239 1227 10

299 1288 487 1335 uacua,
527 1270 640 1323 odio
669 1271 844 1323 tamen
870 1268 1090 1320 furiatae
1128 1267 1318 1320 mentis
1358 1269 1572 1320 armata.
1614 1269 1665 1321 et
1717 1268 1907 1321 idcirco
1953 1266 2176 1335 Spiritus

299 1359 504 1411 sanctus
551 1356 678 1408 dicit
722 1355 775 1407 in
818 1354 1057 1422 psalmis:
1112 1354 1248 1407 noli
1296 1354 1507 1407 zelare
1545 1354 1699 1408 bene
1738 1355 2179 1409 ambulantem

296 1445 359 1496 in
398 1445 502 1496 uia
541 1459 665 1494 sua.
710 1442 761 1494 et
787 1442 1002 1494 iterum:
1064 1441 1449 1493 obseruabit
1486 1442 1795 1509 peccator
1833 1442 2081 1495 iustum
2120 1445 2180 1496 et

299 1530 538 1582 stridet
577 1529 650 1581 ad
689 1545 830 1582 eum
869 1528 1091 1581 dentes
1132 1543 1291 1579 suos.
1351 1528 1518 1580 Deus
1575 1530 1789 1581 autem
1845 1529 2180 1582 inridebit

297 1634 459 1679 eum,
519 1616 819 1683 quoniam
857 1614 1159 1682 prouidet
1217 1615 1363 1682 quia
1415 1616 1633 1669 ueniet
1687 1617 1824 1670 dies
1879 1617 2028 1670 eius.
2089 1617 2179 1669 hos
2196 1640 2236 1671 15

295 1703 475 1756 beatus
503 1702 763 1769 apostolus
790 1701 984 1754 Paulus
1023 1701 1262 1770 designat
1291 1702 1341 1754 et
1367 1701 1576 1755 denotat
1612 1703 1809 1756 dicens:
1868 1719 2177 1756 uenenum

295 1788 595 1855 aspidum
634 1788 748 1839 sub
806 1787 1014 1840 labiis
1074 1802 1285 1840 eorum
1336 1789 1395 1840 et
1448 1803 1511 1840 os
1568 1804 1781 1842 eorum
1827 1790 2177 1842 maledicto

296 1877 355 1928 et
395 1875 834 1928 amaritudine
860 1875 1117 1942 plenum
1157 1876 1265 1928 est.
1307 1875 1562 1929 ueloces
1602 1877 1676 1929 ad
1716 1876 2176 1930 effundendum

296 1961 673 2030 sanguinem
712 1962 901 2028 pedes
940 1976 1181 2025 eorum,
1247 1962 1567 2015 contritio
1616 1964 1676 2015 et
1728 1964 2071 2016 calamitas
2110 1964 2176 2016 in

296 2048 424 2099 uiis
465 2062 704 2111 eorum,
733 2048 843 2114 qui
881 2047 1051 2100 uiam
1089 2048 1265 2115 pacis
1305 2063 1422 2101 non
1463 2051 1888 2118 agnouerunt,
1928 2066 2039 2103 nec
2080 2053 2236 2103 est20

298 2134 495 2186 timor
533 2134 647 2186 Dei
688 2135 834 2187 ante
875 2135 1098 2187 oculos
1139 2151 1367 2187 eorum.

247 2220 278 2268 9
368 2220 536 2272 Multo
582 2221 779 2272 malum
824 2221 992 2273 leuius
1039 2222 1089 2273 et
1132 2221 1420 2288 periculum
1464 2222 1635 2274 minus
1680 2224 1757 2275 est
1802 2239 1919 2275 cum
1946 2223 2178 2275 membra

298 2306 472 2374 gladio
500 2307 848 2360 uulnerantur.
913 2307 1079 2360 facilis
1109 2323 1230 2360 cura
1256 2310 1334 2361 est
1360 2309 1450 2361 ubi
1477 2309 1634 2376 plaga
1671 2310 1942 2378 perspicua
1980 2311 2085 2374 est,
2127 2310 2176 2361 et

298 2392 398 2445 cito
439 2394 500 2445 ad
543 2394 816 2446 sanitatem
854 2394 1076 2447 medella
1102 2395 1437 2449 subueniente
1463 2395 1764 2464 perducitur
1792 2397 1926 2463 quod
1952 2396 2173 2449 uidetur.

297 2479 389 2530 zeli
419 2480 632 2532 uulnera
658 2480 896 2534 abstrusa
922 2483 1043 2533 sunt
1070 2483 1120 2534 et
1147 2483 1372 2546 occulta,
1414 2498 1504 2535 nec
1540 2483 1826 2536 remedium
1873 2499 2022 2536 curae
2067 2499 2176 2535 me·
2193 2495 2233 2527 25

467 2653 520 2695 12
551 2652 622 2694 Ρ8.
650 2653 718 2704 36,
742 2654 780 2695 7.
809 2654 873 2696 12.
899 2653 964 2696 13.
1059 2654 1111 2696 16
1142 2654 1267 2697 Rom.
1293 2654 1331 2706 3,
1358 2655 1412 2698 13
1435 2668 1498 2710 sq.

383 2810 411 2855 3
442 2811 675 2865 praedonis
697 2811 882 2863 MBD2,
907 2813 1145 2867 praedones
1162 2813 1230 2856 D¹
1318 2813 1481 2870 praeda
1501 2827 1703 2870 possessa
1723 2829 1750 2859 v
1837 2815 1866 2857 4
1887 2815 2004 2857 zelus
2026 2815 2173 2856 autem

294 2882 363 2925 D'2
452 2886 496 2925 et
517 2896 775 2937 permanens
796 2884 845 2927 D
933 2885 958 2926 6
989 2884 1035 2926 in
1064 2886 1171 2929 Ws.
1194 2886 1220 2928 l.
1239 2899 1293 2928 m.
1313 2889 1342 2929 2
1430 2888 1456 2930 9
1486 2886 1642 2943 rapida
1663 2887 1724 2931 M
1809 2888 1855 2929 et
1876 2886 2100 2929 infrenata
2121 2898 2176 2928 ex

295 2955 338 2995 et
360 2953 532 2996 frenata
556 2955 616 2997 M
635 2970 688 2998 m.
711 2958 742 2998 2
880 2956 936 2999 10
968 2956 1121 2999 caedes
1145 2959 1190 2999 et
1212 2956 1266 3000 ad
1289 2958 1347 3001 M
1364 2958 1442 3001 sed
1464 2962 1507 3001 et
1529 2958 1583 3002 ad
1605 2972 1637 3002 s.
1662 2959 1688 3002 Z.
1711 2973 1767 3002 m.
1785 2960 1817 3002 2
1947 2958 2177 3013 promptae

294 3025 421 3068 1)]111
503 3026 587 3069 etsi
608 3027 651 3069 B
732 3042 757 3070 a
779 3041 859 3072 om.
880 3028 940 3071 M
1025 3029 1077 3070 11
1099 3041 1264 3071 uacuae
1286 3029 1334 3072 D
1421 3030 1613 3073 furiosae
1637 3032 1805 3074 mentes
1827 3031 2026 3073 armatae
2045 3028 2095 3071 D

295 3097 349 3139 12
381 3098 492 3141 dicit
515 3088 586 3156 sffs
609 3088 676 3143 scs
698 3102 757 3144 M
891 3101 1174 3144 ambulantes
1197 3101 1254 3145 M
1276 3103 1313 3157 (s
1335 3115 1367 3145 s.
1387 3102 1412 3145 Z.
1437 3116 1492 3145 m.
1515 3103 1562 3158 2)
1683 3102 1736 3145 13
1759 3101 2015 3145 Obseruauit
2032 3101 2095 3144 M

295 3169 349 3211 14
382 3170 545 3213 stridet
567 3172 849 3224 WDMBV,
883 3171 1097 3215 stridebit
1119 3187 1144 3216 v
1290 3173 1444 3217 dentes
1468 3187 1568 3217 suos
1591 3173 1762 3219 WDM
1772 3174 1827 3226 V,
1861 3172 2068 3216 dentibus
2088 3171 2178 3214 suis

294 3241 366 3284 Bv
484 3244 538 3286 16
570 3246 614 3286 et
634 3246 763 3287 notat
777 3244 846 3296 D,
870 3257 952 3288 om.
976 3243 1035 3286 M
1151 3244 1205 3287 17
1237 3245 1440 3300 aspidum
1463 3258 1545 3289 om.
1560 3246 1605 3289 B
1751 3247 1796 3289 et
1816 3258 1863 3289 os
1885 3244 2050 3300 eorum]
2074 3255 2179 3299 quo-

294 3326 388 3355 rum
413 3327 458 3356 08
482 3315 590 3359 DM
723 3315 961 3359 maledicto
983 3316 1092 3360 WB
1101 3316 1158 3369 V,
1191 3317 1506 3361 maledictione
1527 3317 1660 3362 DMv
1792 3317 1847 3360 19
1877 3316 2008 3373 pedes
2030 3327 2177 3357 eorum

296 3384 349 3426 ad
373 3385 683 3429 effundendum
707 3388 969 3443 sanguinem
985 3387 1095 3430 DM
1226 3389 1545 3433 contribulatio
1567 3389 1664 3433 BV
1790 3387 2041 3442 calamitas]
2065 3386 2176 3429 inse-

294 3455 444 3499 licitas
465 3457 577 3500 DM
658 3458 706 3501 in
729 3460 787 3503 M
806 3472 840 3502 3.
860 3459 888 3502 l.
910 3472 968 3502 m.
985 3462 1014 3503 2
1102 3459 1160 3502 20
1189 3460 1267 3515 qui
1290 3461 1371 3512 W,
1406 3461 1510 3516 quia
1528 3461 1637 3513 DB,
1668 3462 1714 3504 et
1734 3461 1795 3504 M
1880 3460 2177 3516 cognouerunt

294 3526 354 3569 M
440 3529 534 3583 nec]
556 3542 643 3572 non
662 3532 721 3574 M
808 3531 891 3587 est]
915 3532 961 3574 et
985 3531 1049 3574 W
1131 3531 1187 3574 23
1208 3531 1385 3575 facilior
1405 3532 1467 3575 M
1549 3532 1606 3576 24
1627 3531 1883 3588 perducitur
1904 3529 2119 3576 WDMB
2128 3530 2176 3582 V,

295 3597 553 3650 perducitur
574 3601 736 3644 uulnus
758 3617 783 3647 v
910 3602 968 3646 25
999 3603 1081 3646 zeli
1104 3604 1253 3646 autem
1274 3602 1345 3646 132
1452 3603 1604 3647 oculta
1624 3604 1673 3648 D
1779 3603 2002 3647 medentes
2023 3602 2092 3645 D¹
