2332 3978
636 280 934 336 Epistulae
964 278 1243 326 LXVIIII.
1285 295 1320 326 c.
1355 283 1536 327 11-12.
1910 284 2012 338 761

10 419 18 468 j
31 413 53 478 js
148 409 216 462 tis
257 408 308 461 et
345 407 596 461 sumentis
639 409 894 476 accipitur
929 408 1064 476 quod
1098 409 1162 462 de
1195 409 1385 463 diuinis
1424 410 1721 464 muneribus
1759 410 2013 464 hauritur.

2 486 53 561 ἐξ
145 508 307 561 neque
339 492 477 546 enim
505 493 579 545 sic
605 493 659 545 in
684 494 1001 546 sacramento
1028 493 1246 546 salutari
1271 495 1578 548 delictorum
1603 495 1840 565 contagia
1864 497 1924 548 ut
1958 496 2014 548 in

147 581 348 632 lauacro
377 578 569 632 carnali
597 579 648 631 et
676 578 924 632 saeculari
950 578 1122 631 sordes
1148 579 1283 631 cutis
1308 581 1359 632 et
1385 579 1606 647 corporis
1631 580 1928 644 abluuntur,
1956 583 2015 633 ut

0 663 41 721 .'
74 679 77 682 ’
150 665 201 718 et
234 663 546 732 aphronitris
588 665 640 716 et
677 664 858 717 ceteris
898 679 1097 731 quoque
1132 663 1445 717 adiumentis
1486 666 1538 717 et
1573 665 1699 718 solio
1736 667 1788 719 et
1822 665 2018 732 piscina

95 768 137 800 >5
153 764 277 817 opus
303 749 387 813 sit,
415 749 600 816 quibus
625 748 770 801 ablui
796 751 848 802 et
872 749 1110 802 mundari
1136 750 1498 816 corpusculum
1521 750 1696 816 possit.
1725 750 1878 803 aliter
1901 765 2019 818 pec-

14 839 26 846 “
147 834 233 887 tus
284 834 535 887 credentis
583 834 831 898 abluitur,
881 834 1033 887 aliter
1080 849 1222 888 mens
1272 834 1494 887 hominis
1539 850 1629 902 per
1670 835 1791 888 fidei
1834 835 2019 889 merita

148 920 442 973 mundatur.
469 920 523 972 in
549 920 885 974 sacramentis
913 920 1229 973 salutaribus
1254 920 1558 973 necessitate
1585 921 1794 989 cogente
1831 922 1883 974 et
1907 921 2016 974 Deo

147 1005 526 1074 indulgentiam
551 1021 700 1059 suam
728 1005 984 1074 largiente
1009 1006 1178 1058 totum
1205 1006 1528 1059 credentibus
1555 1006 1820 1059 conferunt
1840 1006 2018 1059 diuina

11 1143 27 1150 ,,
150 1091 442 1158 conpendia.
483 1106 576 1144 nec
601 1107 917 1158 quemquam
942 1105 1146 1143 mouere
1184 1090 1335 1144 debet
1370 1092 1505 1158 quod
1540 1091 1748 1160 aspargi
1784 1091 1870 1143 uel
1901 1107 2019 1158 per-

3 1170 48 1247 -ᾖξ’
93 1196 136 1228 ιο
150 1176 297 1230 fundi
339 1177 582 1230 uidentur
632 1177 775 1246 aegri
825 1191 944 1228 cum
995 1177 1220 1245 gratiam
1265 1177 1572 1229 dominicam
1623 1177 2017 1243 consequuntur,

14 1250 15 1253 ¹
148 1263 346 1330 quando
387 1262 642 1330 scriptura
676 1263 852 1315 sancta
877 1278 968 1329 per
1002 1262 1320 1316 Ezechielem
1360 1262 1663 1330 prophetam
1699 1262 1940 1329 loquatur
1968 1263 2021 1314 et

151 1349 316 1402 dicat:
378 1349 444 1401 et
498 1364 838 1418 aspargam
893 1364 1079 1416 super
1133 1364 1244 1402 uos
1301 1364 1525 1416 aquam
1579 1347 1902 1411 mundam,
1961 1349 2020 1400 et

147 1433 544 1487 mundamini
593 1434 666 1487 ab
717 1435 1012 1487 omnibus
1070 1433 1498 1487 inmunditiis
1554 1433 1799 1486 uestris
1848 1435 1909 1486 et
1945 1432 2018 1486 ab

31 1591 33 1594 Ι
147 1520 443 1574 omnibus
470 1519 846 1574 simulacris
871 1520 1132 1574 uestris,
1173 1521 1234 1574 et
1259 1519 1569 1573 mundabo
1593 1535 1729 1582 uos,
1770 1520 1830 1571 et
1856 1518 2019 1571 dabo

97 1606 342 1660 15uobis
380 1622 484 1660 cor
519 1622 774 1670 nouum,
803 1607 864 1659 et
901 1607 1214 1674 spiritum
1251 1621 1478 1659 nouum
1516 1605 1674 1658 dabo
1712 1605 1776 1656 in
1812 1604 2017 1657 uobiS.

22 1683 34 1701 ¹
149 1693 279 1764 item
314 1692 368 1744 in
403 1692 674 1745 Numeris:
714 1694 776 1745 et
813 1693 991 1744 homo
1030 1692 1143 1759 qui
1181 1691 1383 1745 fuerit
1420 1690 1772 1744 inmundus
1820 1705 2019 1756 usque

147 1777 221 1830 ad
279 1793 639 1845 uesperam,
695 1778 799 1830 hic
846 1778 1333 1845 purificabitur
1390 1778 1496 1830 die
1553 1777 1757 1829 tertio
1806 1776 1867 1829 et
1917 1776 2020 1829 die

150 1863 449 1931 septime,
490 1863 842 1916 etmundus
870 1864 1009 1916 erit.
1039 1864 1094 1916 si
1120 1865 1331 1917 autem
1370 1878 1496 1916 non
1533 1863 1737 1915 fuerit
1773 1860 2010 1929 purifi-

16 2008 31 2026 „
153 1951 336 2002 catus
386 1950 491 2002 die
540 1949 736 2002 tertio
785 1950 845 2002 et
892 1949 993 2003 die
1031 1949 1330 2017 septime,
1382 1963 1501 2001 non
1552 1948 1682 2000 erit
1719 1948 2016 2013 mundus,

28 2092 29 2095 ,
89 2036 216 2088 met
273 2035 813 2089 exterminabitur
873 2036 1081 2088 anima
1139 2036 1259 2088 illa
1315 2036 1385 2087 de
1433 2033 1663 2097 Israel,
1726 2032 2021 2099 quoniam

150 2137 310 2189 aqua
358 2122 755 2189 asparsionis
802 2136 921 2174 non
967 2122 1064 2174 est
1114 2137 1302 2187 super
1348 2137 1488 2172 eum
1537 2133 1775 2186 sparsa.
1831 2118 1882 2170 et
1919 2117 2020 2170 ite-

150 2224 292 2261 rum:
368 2209 429 2260 et
488 2207 745 2260 locutus
806 2208 902 2260 est
955 2206 1266 2259 Dominus
1328 2206 1401 2258 ad
1459 2205 1716 2272 Moysen
1778 2203 2020 2255 dicens:

151 2294 369 2361 accipe
406 2293 668 2346 Leuitas
707 2293 780 2345 de
818 2293 1022 2346 medio
1067 2292 1363 2344 filiorum
1406 2290 1635 2353 Israel,
1689 2289 1749 2341 et
1791 2287 2022 2355 purifi-

322 2464 376 2506 12
397 2463 469 2506 Ez.
501 2462 573 2515 36,
604 2463 673 2507 25.
705 2463 775 2506 26.
894 2463 947 2506 16
968 2462 1099 2505 Num.
1134 2462 1201 2514 19,
1231 2462 1275 2506 8.
1306 2463 1373 2505 12.
1408 2461 1474 2504 13.
1590 2461 1646 2504 22
1668 2459 1799 2503 Num.
1831 2461 1874 2515 8,
1895 2460 2022 2503 5—7.

237 2606 263 2649 1
285 2605 514 2662 sumentis]
537 2604 794 2661 accipientis
817 2605 861 2649 Β
994 2603 1047 2665 de
1067 2617 1148 2648 om.
1179 2604 1216 2648 G
1348 2603 1522 2646 auritur
1545 2601 1583 2658 Q
1715 2602 1744 2645 2
1765 2602 1944 2658 contagi
1966 2603 2024 2654 P,

151 2677 360 2734 contagia
380 2676 623 2720 abluuntur
644 2676 689 2720 Β
868 2677 942 2719 *ut
962 2676 1018 2727 Ε,
1042 2676 1120 2718 aut
1143 2675 1188 2718 P
1366 2675 1394 2717 3
1414 2672 1609 2729 lauacro]
1631 2685 1770 2728 aquae
1790 2673 1898 2717 add.
1922 2674 1967 2717 B

152 2747 302 2792 sordes
323 2761 368 2792 se
387 2749 438 2792 Ε
577 2748 638 2804 et]
662 2761 707 2791 e*
734 2747 785 2790 E
922 2759 1097 2803 corpore
1117 2745 1207 2802 EQ
1359 2746 1411 2788 ut
1430 2745 1490 2800 et]
1514 2746 1566 2787 ut
1588 2745 1688 2788 P¹v
1839 2745 1868 2789 4
1888 2744 2023 2801 apho-

149 2820 285 2864 nitris
306 2819 454 2878 BEQ,
474 2819 712 2863 adfonitris
739 2820 777 2865 Ο
961 2819 988 2862 5
1008 2816 1256 2873 corpusculi
1285 2816 1337 2861 (1¹
1515 2816 1658 2871 possit
1679 2828 1782 2872 exp.
1806 2821 1847 2859 et
1866 2818 2020 2872 pectus

152 2904 187 2936 s.
208 2891 238 2935 l.
262 2891 300 2936 C
486 2891 513 2934 6
534 2890 734 2935 abluitur
754 2889 952 2934 credenti
973 2890 1018 2933 B
1204 2901 1279 2943 per
1299 2886 1419 2943 fidei]
1442 2886 1599 2942 perfidi
1619 2886 1666 2930 B
1850 2887 1876 2929 7
1897 2900 2024 2930 mun-

154 2961 318 3004 dantur
338 2961 395 3014 Β,
415 2963 635 3018 purgatur
659 2964 697 3005 Ο
863 2960 935 3003 dei
954 2959 1013 3003 M
1022 2958 1079 3015 Q*
1267 2958 1294 3000 9
1315 2957 1491 3013 aspergi
1513 2957 1641 3010 BPv,
1665 2956 1876 3014 abspargi
1903 2958 1958 3002 Ο·

156 3032 212 3075 10
227 3032 373 3088 aegris
389 3032 428 3077 0
539 3033 592 3077 11
615 3031 884 3077 ezechielum
902 3032 957 3085 B,
981 3029 1140 3074 ezeciel
1164 3029 1201 3086 Q
1315 3028 1515 3084 loquitur
1538 3029 1592 3072 (1ι
1716 3028 1770 3071 12
1792 3042 2023 3085 aspergam

155 3102 345 3149 B02Pv
507 3104 561 3147 13
581 3103 907 3148 mundabimini
938 3102 1043 3147 OPv
1205 3101 1261 3144 14
1281 3103 1327 3143 et
1346 3099 1582 3156 mundabo]
1605 3099 1851 3143 emundabo
1873 3100 1967 3144 B²v

3 3231 5 3234 ι
154 3176 201 3218 et
230 3175 342 3219 dabo
370 3174 497 3219 uobis
519 3176 565 3219 P
579 3188 616 3219 3.
637 3176 666 3219 l.
686 3189 742 3219 m.
763 3179 794 3220 2
993 3174 1048 3216 15
1070 3158 1166 3232 sim]
1186 3184 1349 3215 nouum
1371 3183 1427 3214 ex
1448 3155 1551 3225 spfff
1566 3155 1667 3212 scsn‘
1685 3170 1723 3215 G
1909 3169 2023 3214 dabo

0 3239 18 3289 ἱ»
154 3247 202 3290 in
222 3260 302 3290 uos
328 3247 375 3300 0,
396 3259 479 3290 om.
507 3246 547 3291 V
725 3247 779 3290 17
800 3246 904 3290 huic
925 3245 983 3288 M
1001 3244 1094 3301 (hic
1122 3243 1176 3300 Q)
1349 3240 1487 3283 tertia
1507 3240 1558 3283 E
1725 3239 1796 3283 die
1817 3253 1899 3284 om.
1922 3241 1968 3284 B

156 3318 213 3362 18
231 3320 278 3362 et
296 3318 486 3362 mundus
510 3352 520 3362 .
539 3352 548 3362 .
568 3353 577 3362 .
601 3319 631 3362 l.
651 3321 709 3362 19
729 3318 914 3375 septimo
935 3316 1041 3360 add.
1072 3315 1154 3360 GP
1172 3315 1224 3358 i‘n
1241 3325 1402 3369 marg„
1424 3324 1505 3354 om.
1529 3311 1575 3354 B
1723 3311 1777 3355 19
1797 3310 1870 3355 die
1888 3312 2024 3355 tertio

157 3389 202 3432 et
220 3387 292 3433 die
312 3389 499 3446 septimo
518 3388 777 3446 purificatus
797 3402 886 3432 non
905 3386 1043 3431 fuerit
1070 3386 1108 3431 Ο
1377 3382 1432 3426 21
1453 3381 1720 3437 asparsionis
1746 3381 1842 3439 QV,
1874 3395 2022 3439 asper-

157 3459 296 3504 sionis
324 3460 397 3513 Cv,
423 3460 671 3517 asperginis
692 3461 784 3504 BP
925 3472 1023 3503 eum
1043 3471 1125 3502 om.
1151 3456 1194 3500 Β
1327 3465 1509 3509 asparsa
1535 3450 1662 3508 ΘΕΩ
1803 3453 1860 3496 23
1880 3453 2024 3497 lenui-

165 3532 237 3574 tas
258 3532 304 3576 P
