2332 3978
298 746 329 797 3
420 739 564 792 Haec
598 739 780 809 igitur,
818 739 978 793 frater
1004 740 1283 804 carissime,
1313 741 1492 794 eadem
1517 741 1644 795 hora
1681 741 1860 795 eodem
1885 741 2146 795 momento
2170 741 2265 796 ad

351 263 458 318 612
906 243 914 259 ⁸
1031 225 1574 323 baeniliizoypriani

349 395 543 448 statem
582 393 773 447 saeculi
799 395 947 448 erant
971 393 1191 449 confessi
1214 395 1270 449 i'n
1296 395 1511 450 ecclesia
1536 396 1810 452 constituti
1835 391 2253 467 conprobarth

348 479 661 548 quapropter
684 479 974 533 Maximum
1011 479 1371 550 presbyterum
1405 481 1578 534 locum
1604 496 1758 536 suum
1783 497 2056 552 agnoscere
2080 483 2240 537 iussi·
2253 522 2262 536 ,

346 580 480 619 mus.
510 565 696 620 ceteris
717 581 837 619 cum
861 566 1062 637 ingenti
1087 567 1266 636 populi
1291 567 1539 637 suffragio
1565 569 1738 622 omnia
1762 570 1882 623 ante
1907 571 2057 639 gesta
2080 569 2240 623 remi·
2256 602 2272 628 „-

348 652 513 705 simus
540 652 650 706 Deo
676 653 1034 723 omnipotenti,
1074 653 1130 707 in
1156 654 1302 708 cuius
1327 655 1587 721 potestate
1613 656 1733 708 sunt
1758 655 1932 709 omnia
1956 657 2235 709 reseruata.
2268 653 2273 715 {

346 827 399 878 te
425 841 516 894 per
553 826 748 894 scripta
783 826 1170 880 transmisimus
1196 828 1248 880 et
1273 826 1577 881 Niceforum
1603 828 1906 881 acoluthum
1932 827 2239 890 descendere

350 911 415 964 ad
440 913 795 981 nauigandum
822 913 1158 966 festinantem
1185 914 1248 967 de
1275 913 1498 967 statione
1525 915 1590 967 ad
1615 928 1707 966 uos
1733 914 1916 967 statim
1943 913 2139 979 dimisi,
2180 916 2242 968 ut

344 999 490 1052 nulla
533 999 995 1066 procrastinatione
1038 1000 1216 1053 habita
1253 1000 1401 1054 uelut
1438 1015 1676 1068 praesens
1717 1001 1771 1054 in
1795 1001 1897 1053 isto
1936 1001 2070 1055 clero
2106 1003 2159 1054 et
2185 1001 2240 1054 in
2286 990 2295 1012 '⁷

344 1085 446 1139 isto
486 1086 664 1154 populi
703 1087 849 1138 coetu
888 1085 1158 1140 nobiscum
1198 1086 1393 1154 pariter
1420 1087 1527 1140 Deo
1566 1087 1911 1155 omnipotenti
1953 1088 2006 1141 et
2032 1086 2238 1140 Christo
2296 1139 2302 1158 -,

342 1172 563 1225 Domino
583 1171 756 1225 nostro
776 1172 972 1241 gratias
991 1188 1182 1242 ageres
1212 1173 1470 1226 credimus
1497 1172 1620 1239 fore,
1649 1173 1775 1241 quin
1797 1174 1958 1226 immo
1992 1189 2081 1243 pro
2103 1173 2239 1227 certo
2256 1178 2298 1229 1'

344 1259 445 1311 iam
486 1259 791 1312 confidimus
828 1260 1021 1312 ceteros
1058 1273 1258 1326 quoque
1294 1259 1464 1327 quiin
1490 1275 1658 1312 errore
1692 1260 1788 1313 hoc
1814 1262 1936 1313 sunt
1963 1259 2239 1313 constituti
2296 1254 2325 1334 3⁴2:

344 1346 398 1398 in
415 1346 686 1399 ecclesiam
706 1345 854 1399 breui
873 1361 1184 1409 reuersurOS,
1209 1361 1328 1398 cum
1344 1347 1578 1399 auctores
1594 1361 1711 1399 suos
1726 1346 1954 1399 uiderint
1969 1346 2239 1400 nobiscum

343 1448 511 1502 agere.
549 1432 642 1485 has
668 1432 873 1485 litteras
900 1433 1024 1499 puto
1051 1433 1103 1485 te
1132 1432 1329 1496 debere,
1368 1431 1528 1485 frater
1555 1432 1837 1498 carissime,
1875 1433 1926 1485 et
1951 1433 2017 1485 ad
2043 1434 2237 1486 ceteras
2300 1429 2324 1494 3

346 1519 587 1572 ecclesias
622 1519 851 1584 mittere,
889 1520 949 1571 ut
975 1534 1151 1572 omnes
1187 1519 1354 1572 sciant
1386 1519 1707 1573 schismatici
1732 1519 1887 1573 huius
1913 1520 1965 1572 et
1989 1519 2234 1572 haeretici

344 1606 520 1658 dolum
565 1607 616 1658 et
660 1605 1155 1672 praeuaricationem
1201 1605 1262 1657 de
1300 1605 1382 1658 die
1428 1606 1684 1659 euacuari.
1731 1606 1858 1658 bene
1902 1606 2034 1668 uale,
2079 1605 2238 1658 frater
2256 1599 2332 1683 1⁵}

344 1707 624 1745 carisslme.
2328 1701 2332 1720 ²

430 1939 453 1980 1
478 1937 659 1992 saeculi]
684 1936 754 1979 cui
771 1936 815 1980 R
931 1935 959 1978 2
980 1936 1126 1978 locum
1148 1948 1276 1977 suum
1299 1948 1353 1978 ecc
1374 1935 1585 1991 loquutus
1609 1948 1706 1978 sum
1730 1935 1767 1979 Ο
1882 1934 2115 1978 adnoscere
2143 1935 2184 1978 T
2313 1952 2332 1987 ,ς

342 2013 369 2054 3
391 2010 550 2054 ceteris
578 2011 626 2061 T,
658 2010 826 2052 ceteros
856 2007 1000 2063 ORav
1175 2021 1273 2050 cum
1296 2024 1327 2063 μ
1348 2021 1382 2050 s.
1406 2007 1432 2050 l.
1456 2021 1510 2050 m.
1535 2010 1565 2050 2
1740 2006 1967 2063 suffragio]
1990 2006 2238 2062 recepimus

341 2083 450 2127 add.
480 2082 589 2138 Ομυ,
622 2080 859 2137 recipimus
881 2079 988 2123 add,
1013 2079 1058 2123 R
1234 2080 1338 2122 ante
1360 2080 1489 2134 gesta
1516 2079 1566 2131 Τ,
1605 2079 1754 2122 autem
1783 2078 1925 2135 Owa
2097 2077 2126 2121 4
2148 2091 2235 2121 ser-

346 2157 454 2198 uata
476 2171 506 2210 μ
643 2154 670 2197 5
692 2153 832 2196 frater
854 2166 934 2196 om.
966 2154 1037 2208 Τμ
1170 2151 1398 2195 carissime
1421 2164 1504 2195 om.
1535 2151 1572 2195 Ο
1701 2151 1810 2195 hora
1833 2164 1888 2194 θαι
1910 2151 1992 2194 hoc
2014 2167 2044 2206 μ
2065 2163 2120 2193 m.
2146 2153 2177 2193 2

342 2230 369 2271 6
389 2241 466 2284 per
489 2240 568 2271 om.
601 2227 649 2279 V,
673 2239 749 2282 pre
771 2226 816 2270 R
920 2225 1109 2280 scriptor
1137 2225 1178 2268 T
1271 2224 1626 2267 transmissimus
1657 2223 1747 2278 Ομι
1845 2222 2130 2278 nicephorum
2151 2236 2177 2265 υ

343 2300 600 2343 acoluthum
639 2299 688 2350 V,
730 2298 944 2341 acolitum
981 2297 1108 2352 GRc,
1148 2297 1204 2340 ad
1239 2297 1350 2339 litus
1387 2309 1442 2339 eae
1479 2295 1642 2338 alitum
1669 2296 1711 2339 Τ
1881 2296 1905 2337 7
1943 2294 2233 2337 festinantem

340 2372 392 2415 de
415 2372 628 2427 statione]
651 2370 949 2414 destinatione
972 2369 1016 2414 R
1024 2368 1153 2414 TVO
1177 2369 1256 2412 sed
1279 2370 1329 2411 in
1353 2368 1390 2413 C
1406 2381 1521 2424 exp„
1545 2368 1845 2411 destinantem
1868 2384 1912 2424 μ,
1944 2366 2234 2410 festinantem

341 2445 594 2499 Erasmus5
618 2444 675 2497 cf,
702 2444 827 2498 epist.
853 2446 913 2486 44
936 2456 969 2486 e.
995 2445 1024 2486 2
1190 2441 1246 2484 ad
1269 2454 1347 2484 uos
1371 2453 1468 2496 exp.
1503 2440 1540 2484 G
1702 2439 1956 2483 dimisimus
1985 2438 2036 2491 V,
2060 2438 2166 2481 misi
2187 2454 2232 2493 μ,

340 2517 554 2559 111331111113
578 2529 632 2558 ea:
654 2515 833 2558 dimissi
858 2515 895 2560 O
1010 2518 1037 2557 8
1057 2513 1460 2569 procrastinatione
1483 2525 1539 2556 ex
1559 2524 1682 2555 mora
1703 2511 1995 2555 festinatione
2016 2528 2047 2567 μ
2070 2525 2125 2554 m.
2145 2513 2178 2553 2

339 2589 547 2632 habitam
577 2590 617 2631 T
780 2588 825 2629 et
846 2600 928 2630 om.
953 2603 983 2642 μ
1150 2586 1176 2628 9
1199 2585 1370 2628 coetum
1394 2584 1450 2636 R,
1483 2586 1703 2628 conuentu
1726 2597 1782 2627 eoe
1803 2584 1986 2627 coneeut
2014 2582 2050 2627 Ο
2069 2596 2125 2625 m.
2149 2584 2177 2626 2

276 2682 282 2687 -
336 2661 565 2705 nobiscum
588 2662 755 2716 pariter
778 2674 860 2703 om.
889 2659 1033 2715 CRM>
1206 2659 1260 2701 10
1281 2656 1498 2700 credimus
1521 2658 1670 2699 autem
1700 2656 1843 2712 &Rev
2006 2655 2121 2697 forte
2143 2670 2174 2710 μ

338 2734 390 2776 11
413 2734 503 2776 iam
526 2746 603 2789 pro
626 2735 745 2776 certo
774 2732 855 2777 CR
1009 2731 1091 2774 hoc
1114 2743 1256 2773 errore
1285 2730 1392 2774 CRv
1540 2729 1593 2772 12
1615 2728 1801 2772 ecclesia
1822 2727 1868 2772 R
2014 2727 2068 2770 13
2089 2726 2235 2782 agere]

336 2819 469 2861 agere
490 2808 542 2848 ut
563 2805 745 2848 deuotos
774 2805 812 2848 V
910 2804 991 2846 has
1014 2817 1069 2846 ex
1091 2816 1162 2846 *as
1192 2803 1229 2847 O
1320 2801 1548 2844 carissime
1570 2814 1651 2844 om.
1683 2801 1719 2844 C
1814 2799 1995 2854 ceteras]
2018 2810 2144 2841 ueras
2171 2798 2232 2851 T,-

336 2879 445 2931 ἴση.
478 2879 651 2920 uestras
799 2877 854 2919 14
875 2875 1024 2931 huius]
1057 2875 1163 2918 add.
1188 2874 1257 2919 R:
1293 2876 1337 2916 et
1359 2873 1546 2916 heretici
1575 2872 1709 2915 huius
1853 2870 2233 2941 liaeretici]Qere-

268 2966 270 2968 ·
338 2950 469 2993 siaeis
498 2952 539 2993 T
711 2949 764 2992 15
789 2948 1169 3004 praeuaricatione
1191 2947 1237 2990 R
1412 2946 1465 2989 de
1486 2945 1557 2988 die
1586 2946 1676 2998 GT,
1711 2944 1782 2988 die
1803 2944 1859 2995 R,
1888 2943 1940 2986 de
1971 2943 2043 2986 die
2074 2943 2164 2985 mia
2186 2958 2236 2998 μ,

337 3024 589 3078 frequenter
611 3035 687 3076 per
709 3021 803 3063 dies
833 3020 883 3072 V,
908 3020 960 3063 de
981 3020 1052 3063 die
1072 3021 1119 3062 in
1139 3019 1257 3062 diem
1278 3033 1304 3062 υ
1448 3018 1558 3061 bene
1580 3031 1622 3060 11.
1643 3017 1671 3060 f.
1697 3015 1926 3060 carissime
1946 3029 2027 3058 om.
2059 3015 2105 3066 C,
2127 3016 2231 3069 opto

335 3098 381 3138 te
403 3095 542 3138 frater
573 3094 799 3137 carissime
829 3093 940 3136 bene
962 3093 1111 3136 ualere
1142 3094 1187 3135 et
1217 3091 1360 3135 nostri
1396 3090 1651 3134 meminisse
1672 3089 1729 3142 R,
1763 3090 1866 3145 opto
1887 3090 1933 3131 te
1952 3087 2062 3131 bene
2084 3086 2231 3129 ualere

336 3168 475 3210 frater
507 3166 735 3209 carissime
767 3183 811 3222 μ.
844 3190 894 3196 —-
918 3163 987 3207 Ad
1010 3163 1265 3207 Cornelium
1298 3162 1440 3206 ·V111·
1471 3161 1666 3218 explicit,
1698 3160 1931 3216 Rescripta
1953 3156 2143 3225 Cornelii
2175 3157 2234 3201 ad

336 3239 605 3295 Cyprianum
627 3237 679 3281 de
702 3236 968 3282 scismaticis
992 3235 1176 3292 explicit
1204 3236 1254 3287 T,
1283 3247 1365 3279 om.
1394 3234 1475 3291 Ομ.
1501 3259 1554 3296 ÷
