2332 3978
351 226 460 319 370
597 263 843 309 Caecilii
874 254 1144 320 Cypriani
1174 262 1239 307 ad
1269 262 1692 307 Demetrianum
1723 276 1756 308 c.
1789 265 1972 308 25-26.

351 393 443 447 3113
471 410 599 461 quae
624 392 771 445 nobis
798 392 1092 446 inferuntur
1125 393 1312 446 salutis
1339 393 1525 446 itinera
1550 394 1915 446 monstramus,
1958 393 2152 447 credite
2178 395 2233 448 313

349 479 514 532 uiuite
552 481 605 532 et
643 479 731 547 qui
767 494 859 533 nos
897 481 962 533 ad
999 481 1206 548 tempus
1245 479 1615 549 persequimini
1642 480 1693 532 in
1722 481 1985 553 aeternum
2011 480 2232 549 gaudete

347 565 628 619 nobiscum.
670 566 871 634 quando
915 566 1070 620 istinc
1113 582 1368 619 recessum
1411 566 1592 629 fuerit,
1633 565 1809 618 nullus
1834 566 1942 621 iam
1967 567 2231 633 paeniten-

346 652 452 705 tiae
477 652 620 705 locus
646 654 748 718 est,
788 652 962 705 nullus
988 652 1359 706 satisfactionis
1387 652 1613 704 effectus
1655 651 1740 704 hic
1782 651 1894 704 uita
1937 653 2029 705 aut
2072 653 2230 706 amit-

345 738 478 791 titur
521 740 610 791 aut
655 739 884 792 tenetur:
946 739 1031 792 hic
1074 739 1230 791 saluti
1273 739 1504 791 aeternae
1544 737 1687 790 cultu
1713 737 1812 790 Dei
1838 738 1890 790 et
1914 737 2086 791 fructu
2111 738 2231 792 fidei
2268 755 2315 798 5,,

345 824 657 893 prouidetur.
698 842 789 878 nec
816 826 1089 894 quisquam
1117 826 1208 879 aut
1233 826 1456 893 peccatis
1482 825 1776 877 retardetur
1812 826 1904 877 aut
1929 825 2074 877 annis
2102 840 2230 893 quo·
2311 823 2314 853 ³

345 910 517 963 minus
544 912 719 964 ueniat
765 913 828 965 ad
874 913 1277 979 consequendam
1305 911 1542 964 salutem.
1585 911 1639 963 in
1681 911 1779 963 isto
1825 911 1992 964 adhuc
2038 911 2228 964 mundo

345 998 574 1050 manenti
620 998 939 1065 paenitentia
983 998 1130 1050 nulla
1176 1013 1288 1050 sera
1329 999 1422 1050 est.
1463 998 1606 1064 patet
1632 998 1697 1049 ad
1723 997 2105 1067 indulgentiam
2129 998 2230 1051 Dei

344 1082 516 1135 aditus
562 1084 614 1135 et
658 1084 1021 1150 quaerentibus
1066 1084 1230 1150 adque
1274 1084 1696 1152 intellegentibus
1739 1085 2014 1137 ueritatem
2059 1084 2230 1137 facilis
2326 1137 2328 1150 J

344 1184 573 1222 accessus
613 1172 705 1222 est.
765 1172 824 1222 tu
863 1170 957 1223 sub
997 1170 1106 1237 ipso
1146 1171 1270 1223 licet
1310 1170 1450 1222 exitu
1477 1172 1528 1222 et
1554 1170 1694 1222 uitae
1721 1171 2021 1237 temporalis
2049 1186 2229 1223 occasu
2247 1183 2289 1213 10
2326 1167 2332 1210 1³

342 1270 431 1322 pro
470 1256 675 1309 delictis
712 1271 859 1324 roges
899 1258 951 1309 et
989 1257 1160 1310 Deum
1200 1257 1288 1324 qui
1317 1274 1447 1309 unus
1475 1258 1526 1309 et
1552 1272 1705 1309 uerus
1733 1258 1809 1310 est
1836 1257 2150 1310 confessione
2177 1259 2229 1310 et
2328 1258 2332 1270 ²

343 1341 441 1393 fide
468 1343 746 1410 agnitionis
774 1344 882 1395 31113
918 1343 1168 1410 inploreS,
1210 1344 1360 1396 uenia
1405 1343 1668 1396 confitenti
1715 1344 1867 1397 datur
1913 1345 1964 1396 et
2002 1344 2228 1397 credenti

341 1428 663 1497 indulgentia
689 1430 935 1482 salutaris
963 1431 1025 1483 de
1052 1430 1230 1482 diuina
1256 1431 1449 1496 pietate
1477 1430 1772 1483 conceditur
1807 1431 1858 1482 et
1884 1430 1948 1482 ad
1973 1431 2226 1483 inmorta-

341 1516 547 1568 litatem
573 1517 667 1568 sub
695 1517 806 1582 ipsa
831 1518 997 1570 morte
1024 1518 1291 1570 transitur.

254 1608 321 1658 26
412 1602 560 1655 Hanc
586 1604 810 1671 gratiam
832 1603 1068 1657 Christus
1096 1605 1330 1672 inpertit,
1360 1605 1454 1657 hoc
1481 1620 1669 1656 munus
1696 1604 2079 1656 misericordiae
2106 1619 2226 1657 suae
2243 1624 2286 1655 15

340 1689 528 1741 tribuit
555 1690 838 1759 subigendo
864 1692 1087 1743 mortem
1114 1692 1356 1758 trophaeo
1386 1691 1578 1754 crucis,
1609 1691 1905 1743 redimendo
1933 1691 2225 1744 credentem

340 1777 504 1843 pretio
527 1776 606 1828 sui
629 1777 915 1845 sanguinis,
947 1778 1317 1831 reconciliando
1345 1778 1609 1830 hominem
1635 1779 1742 1830 Deo
1769 1778 1981 1846 patri***
2001 1819 2012 1841 ‚
2050 1778 2225 1829 uiuifi-

343 1863 500 1914 cando
527 1863 799 1915 mortalem
825 1865 1206 1933 regeneratione
1234 1864 1459 1917 caelesti.
1490 1865 1623 1917 hunc
1649 1865 1693 1916 si
1720 1865 1830 1917 fieri
1856 1865 2024 1933 potest
2045 1880 2225 1931 sequa-

342 1965 459 2000 mur
502 1964 701 2013 omneS,
742 1951 895 2002 huius
941 1952 1257 2003 sacramento
1304 1952 1354 2003 et
1400 1951 1544 2019 signo
1591 1967 1903 2004 censeamur.
1953 1951 2037 2002 hic
2078 1950 2225 2002 nobis

342 2037 481 2088 uiam
510 2037 648 2088 uitae
675 2037 868 2103 aperit,
909 2037 993 2089 hic
1020 2037 1085 2089 ad
1111 2037 1410 2104 paradisum
1436 2039 1647 2090 reduces
1674 2037 1813 2102 facit,
1854 2038 1939 2090 1113
1966 2038 2031 2089 ad
2058 2037 2224 2089 caelo·
2243 2050 2288 2082 20

341 2140 457 2176 rum
483 2139 640 2192 regna
664 2124 913 2190 perducit.
957 2139 1074 2175 curn
1113 2125 1222 2190 ipso
1261 2140 1462 2192 semper
1500 2124 1739 2177 uiuemus
1778 2123 1902 2176 facti
1941 2139 2029 2190 per
2055 2123 2226 2190 ipsum

341 2209 437 2261 filii
462 2211 584 2262 Dei:
626 2226 743 2262 cum
770 2211 881 2277 ipso
922 2211 1270 2263 exultabimus
1316 2226 1516 2277 semper
1559 2211 1722 2277 ipsius
1767 2225 1942 2263 cruore
1985 2210 2223 2277 reparati.

341 2296 532 2348 erimus
559 2296 826 2348 christiani
863 2312 979 2348 cum
1008 2295 1209 2349 Christo
1239 2297 1397 2348 simul
1424 2296 1650 2366 gloriosi,
1680 2298 1740 2349 de
1766 2298 1872 2350 Deo
1898 2298 2042 2364 patre
2068 2296 2224 2360 beati,

341 2383 402 2434 de
421 2384 666 2450 perpetua
686 2383 955 2451 uoluptate
982 2384 1234 2436 laetantes
1262 2399 1461 2451 semper
1486 2385 1540 2436 in
1567 2385 1841 2452 conspectu
1867 2383 1964 2436 Dei
1992 2384 2042 2436 et
2069 2399 2225 2452 agen-

340 2470 417 2522 tes
444 2470 550 2521 Deo
578 2470 774 2538 gratias
802 2486 1016 2536 semper.
1071 2486 1235 2536 neque
1275 2470 1414 2523 enim
1451 2471 1642 2537 poterit
1679 2470 1781 2523 nisi
1821 2471 1873 2524 et
1910 2471 2077 2523 laetus
2116 2485 2224 2522 esse
2241 2486 2283 2519 25

341 2571 539 2623 semper
565 2558 616 2609 et
642 2559 821 2624 gratus
849 2557 937 2623 qui
965 2573 1082 2609 cum
1110 2557 1265 2609 morti
1292 2557 1475 2610 fuisset
1512 2557 1782 2621 obnoxius,
1823 2557 1989 2610 factus
2029 2557 2106 2609 est
2144 2556 2224 2608 in-

340 2643 661 2695 mortalitate
688 2659 913 2695 333111113.

427 2801 454 2843 2
484 2799 632 2843 uidete
664 2802 708 2843 et
737 2800 880 2842 uiuite
903 2813 959 2844 eoe
980 2800 1132 2842 uiuetc
1154 2800 1215 2843 M
1240 2813 1295 2843 m.
1315 2803 1344 2843 2
1462 2801 1490 2843 3
1519 2814 1740 2844 recessum
1768 2802 1829 2845 W
1832 2801 2051 2851 RMBV,
2083 2812 2225 2843 exces-

343 2885 438 2915 sum
460 2886 486 2916 υ
572 2873 599 2915 4
629 2874 697 2915 cst
718 2886 799 2915 om.
824 2873 870 2917 R
972 2861 1058 2915 aut
1075 2873 1119 2917 R
1209 2872 1486 2915 ammittitur
1506 2873 1585 2917 W¹
1687 2875 1715 2917 ἴ)
1747 2873 1910 2916 salutis
1932 2873 1990 2915 M
1996 2873 2056 2915 ιΒ
2178 2872 2224 2914 et

342 2945 465 2988 cultu
482 2945 541 2988 M
628 2944 654 2986 6
670 2957 769 2987 1103.
790 2977 796 2984 .
817 2943 1088 2987 .retardetur
1109 2957 1190 2987 om.
1215 2944 1261 2988 R
1348 2943 1584 2999 quicquam
1605 2946 1667 2990 W
1752 2947 1830 2988 aut
1851 2959 1931 2989 om.
1946 2945 1991 2987 B
2079 2942 2135 2986 10
2156 2943 2226 2985 est

341 3017 480 3061 om.R
558 3016 723 3060 exitum
745 3016 921 3060 uitaeB
999 3016 1054 3059 12
1075 3016 1310 3061 ueniamR
1389 3002 1625 3060 confitendi
1644 3018 1708 3062 W
1778 3017 2060 3061 credentibus
2076 3016 2141 3060 W

342 3090 397 3132 15
428 3102 531 3132 suae
549 3089 613 3134 W
630 3102 663 3132 s.
688 3089 714 3132 l.
736 3103 792 3132 m.
815 3091 848 3131 2
938 3088 991 3131 16
1015 3088 1190 3131 tribuet
1219 3089 1290 3130 W¹
1382 3090 1434 3131 17
1456 3103 1497 3144 p.
1522 3089 1754 3145 sanguinis
1777 3090 1847 3132 sui
1867 3103 1893 3132 v
1979 3088 2224 3145 praecidunt*

343 3161 574 3218 sanguinis
592 3162 654 3206 M
669 3161 763 3217 (sus
785 3161 920 3216 eras.)
1039 3160 1395 3203 reconciliantem
1410 3161 1455 3203 B
1562 3161 1681 3216 patri
1703 3163 1748 3204 et
1758 3161 1820 3204 M
1825 3178 1836 3213 ;
1859 3162 2077 3205 lacunam
2097 3158 2224 3203 indi-

341 3236 447 3279 caui
456 3252 471 3290 ,·
495 3235 554 3289 cf.
570 3248 620 3289 p.
640 3236 745 3286 394,
767 3236 799 3277 8
879 3232 933 3275 18
955 3245 1165 3288 regenera
1186 3232 1350 3277 tuncR
1437 3233 1495 3275 20
1515 3232 1724 3276 reducens
1746 3233 1792 3276 B
1868 3233 1923 3276 21
1946 3233 2137 3289 regnoR

340 3308 536 3351 uiuimus
558 3307 618 3350 M
622 3309 632 3333 ¹
727 3306 783 3349 22
805 3318 973 3360 semper
994 3303 1293 3347 exultabimus
1315 3318 1341 3348 v
1446 3305 1502 3348 24
1534 3305 1762 3348 uoluntate
1773 3305 1867 3350 RB
1952 3305 2009 3349 25
2038 3304 2118 3348 (130
2139 3317 2221 3348 om.

342 3380 387 3426 R
474 3391 643 3434 semper
663 3378 834 3434 gratias
856 3376 934 3420 deo
956 3377 1019 3420 M
1102 3379 1149 3419 et
1169 3390 1250 3419 om.
1264 3376 1336 3420 Rv
1424 3377 1479 3420 26
1500 3376 1552 3419 de
1574 3377 1915 3420 immortalitate
1934 3390 1960 3420 v
2038 3389 2223 3421 efficat

339 3464 567 3497 CYPRUM
589 3465 650 3494 AD
673 3461 1023 3494 DEMETRIANVM
1043 3460 1261 3491 EXPLICIT
1284 3448 1389 3500 RB,
1411 3461 1472 3491 AD
1495 3461 1843 3493 DEMETRIANVM
1863 3461 2081 3493 Exrnrcrr
2102 3449 2226 3495 WM
