2332 3978
669 212 964 300 Epistulae
993 243 1276 288 LXXIIII.
1310 259 1343 289 ο.
1376 246 1501 291 2-3.
1917 248 2018 302 801

151 371 406 425 infamare
444 371 698 438 apostolos
739 372 939 436 debeat,
982 372 1129 439 quasi
1167 373 1249 426 illi
1289 374 1660 429 haereticorum
1702 376 2021 443 baptismata

148 455 476 524 probauerint
519 458 610 510 aut
653 457 726 510 eis
769 457 876 510 sine
915 458 1156 511 ecclesiae
1206 459 1460 526 baptismo
1507 462 2019 529 communicauerint,

0 556 24 613 33
149 543 348 610 quando
383 542 511 595 talia
536 543 597 595 de
622 542 894 596 haereticis
929 543 1147 610 apostoli
1182 544 1512 612 scripserunt,
1552 547 1604 599 et
1629 547 1724 600 hoc
1750 562 1868 599 cum
1893 563 2016 600 non-

0 623 25 709 Fg
151 628 274 681 dum
319 627 604 680 haereticae
645 628 815 694 pestes
862 628 1083 681 acriores
1132 629 1504 697 prorupissent,
1552 633 1773 684 necdum
1823 647 2022 698 quoque

0 707 28 777 ἑ
110 713 375 767 aMarcion
413 713 657 766 Ponticus
697 713 758 766 de
800 713 966 766 Ponto
1007 714 1313 777 emersisset,
1356 715 1502 768 cuius
1539 717 1790 784 magister
1826 715 2022 769 Cerdon

0 783 42 880 Ξ
145 799 239 852 sub
265 799 473 868 Hygino
500 799 731 866 episcopo
759 799 847 866 qui
869 799 924 851 in
950 799 1075 851 urbe
1098 814 1260 852 nonus
1286 798 1389 852 fuit
1413 800 1631 853 Romam
1663 801 1832 854 uenit:
1870 816 2023 868 quem

144 885 374 938 Marcion
400 885 607 937 secutus
632 884 827 938 additis
855 885 920 937 ad
941 885 1134 938 crimen
1161 884 1455 954 augmentis
1480 885 1814 952 inpudentius
1840 887 2024 938 ceteris

0 948 18 1046 Ξῖ
147 972 201 1024 et
225 970 496 1038 abruptius
521 969 575 1022 in
595 970 764 1022 Deum
789 971 994 1038 patrem
1020 971 1302 1023 creatorem
1329 970 1686 1038 blasphemare
1711 971 1946 1024 instituit
1971 972 2024 1023 et

0 1037 17 1127 Ξ
148 1055 467 1109 haereticum
502 1054 727 1108 furorem
764 1052 1029 1124 sacrilegis
1067 1056 1226 1109 armis
1262 1057 1441 1109 contra
1476 1056 1744 1109 ecclesiam
1769 1056 2024 1109 rebellan-

0 1124 14 1183 ἰ
49 1173 52 1177 .
90 1158 134 1190 ιο
148 1141 256 1194 tem
283 1140 583 1194 sceleratius
610 1141 662 1193 et
687 1141 898 1210 grauius
926 1142 1167 1195 armauit.

1 1216 8 1223 ’
218 1227 364 1292 Quod
401 1226 446 1279 si
480 1226 714 1280 haereses
753 1229 954 1281 constat
991 1229 1323 1296 postmodum
1361 1229 1534 1297 plures
1569 1245 1629 1282 ac
1662 1230 1856 1296 peiores
1895 1228 2025 1282 exti-
2043 1226 2073 1276 3

144 1313 270 1365 tisse
308 1312 360 1366 et
397 1313 441 1365 si
479 1315 614 1366 retro
661 1329 917 1381 nusquam
960 1314 1168 1367 omnino
1211 1315 1543 1382 praeceptum
1587 1316 1666 1368 est
1703 1330 1867 1381 neque
1907 1328 2026 1366 con-

147 1400 415 1467 scriptum,
452 1400 512 1452 ut
535 1400 791 1453 haeretico
830 1416 1014 1453 manus
1040 1401 1245 1452 tantum
1270 1401 1325 1452 in
1349 1396 1720 1467 paenitentiam
1753 1401 2028 1467 inponatur

0 1542 5 1557 2
134 1487 207 1551 *et
232 1486 306 1538 sic
332 1486 379 1538 ei
405 1487 826 1550 communicetur,
865 1487 916 1539 et
942 1486 987 1538 si
1013 1486 1274 1554 baptisma
1306 1501 1408 1539 11011
1442 1487 1546 1540 nisi
1581 1504 1742 1540 unum
1779 1487 1858 1539 est
1892 1487 2027 1553 quod

0 1559 9 1617 {i
91 1589 133 1622 15
153 1572 291 1640 apud
325 1587 417 1625 nos
457 1573 534 1625 est
561 1573 613 1624 et
637 1573 779 1626 intus
819 1573 975 1625 estet
1002 1573 1099 1625 soli
1138 1572 1383 1626 ecclesiae
1420 1573 1482 1624 de
1507 1573 1686 1625 diuina
1728 1573 2026 1642 dignatione

4 1649 5 1652 ¹
156 1673 450 1712 concessum
495 1660 589 1727 est,
641 1675 771 1726 quae
820 1659 923 1711 ista
973 1658 1251 1711 obstinatio
1302 1659 1382 1711 est
1431 1674 1625 1725 quaeue
1675 1659 2026 1725 praesumptio

148 1744 432 1798 humanam
502 1744 838 1797 traditionem
909 1743 1116 1797 diuinae
1178 1744 1503 1810 dispositioni
1565 1746 1871 1811 anteponere
1932 1761 2027 1797 nec

150 1830 558 1883 animaduertere
594 1830 855 1898 indignari
894 1831 945 1882 et
979 1830 1134 1883 irasci
1160 1831 1344 1894 Deum,
1389 1830 1625 1897 quotiens
1664 1830 1841 1882 diuina
1879 1846 2026 1897 prae-

150 1917 297 1983 cepta
332 1915 492 1969 soluit
518 1916 570 1968 et
594 1915 842 1984 praeterit
877 1916 1105 1968 humana
1128 1915 1357 1984 traditio,
1396 1915 1531 1969 sicut
1556 1931 1645 1982 per
1670 1916 1882 1968 Esaiam
1906 1931 2026 1983 pro-

89 2002 358 2069 20phetam
383 2002 577 2055 clamat
603 2003 654 2054 et
680 2001 835 2054 dicit:
874 2002 1149 2069 populus
1184 2002 1312 2053 iste
1347 2001 1546 2054 labiis
1583 2000 2029 2054 honorificant

146 2104 263 2151 me,
313 2103 415 2141 cor
452 2102 600 2140 uero
639 2102 853 2140 eorum
892 2087 1080 2155 longe
1119 2087 1489 2154 separatum
1527 2088 1626 2139 est
1663 2103 1693 2138 a
1729 2103 1840 2139 me.
1892 2087 2027 2139 sine

149 2189 341 2226 causa
388 2174 598 2226 autem
636 2173 857 2226 colunt
894 2189 986 2225 me
1023 2174 1323 2225 mandata
1361 2174 1422 2224 et
1462 2172 1792 2224 doctrinas
1830 2172 2027 2224 homi-

149 2276 295 2312 num
328 2259 642 2312 docentes.
682 2258 809 2311 item
837 2259 1088 2311 Dominus
1114 2259 1168 2310 in
1195 2258 1463 2327 euangelio
1489 2258 1753 2324 increpans
1781 2257 2028 2309 similiter

151 2347 203 2398 et
251 2345 528 2414 obiurgans
577 2346 721 2411 ponit
770 2346 820 2396 et
859 2345 1011 2396 dicit:
1062 2344 1322 2397 reicitis
1373 2344 1742 2396 mandatum
1795 2343 1911 2396 Dei
1960 2344 2030 2395 ut

319 2530 376 2573 20
409 2529 481 2572 Es.
514 2529 583 2581 29,
616 2529 682 2572 13.
801 2530 858 2573 24
887 2529 1022 2572 Marc.
1057 2529 1096 2578 7,
1130 2528 1195 2571 13.

240 2702 265 2745 1
288 2701 485 2757 apostolo
503 2701 547 2744 L
717 2701 744 2744 3
767 2700 1025 2757 scripserint
1047 2700 1316 2744 BGL¹PTv
1490 2713 1589 2783 gum
1609 2699 1693 2769 hoc
1715 2699 1751 2743 C
1922 2710 2029 2741 non-

150 2793 271 2850 dum]
297 2806 385 2837 non
405 2793 548 2837 adhuc
574 2793 611 2838 Ο
790 2794 818 2837 5
838 2793 1036 2836 marcian
1067 2793 1118 2837 Ο·
1300 2765 1506 2849 Ροῐιίήζυ*
1530 2805 1576 2835 se
1598 2792 1636 2836 C'
1818 2791 1871 2834 de
1892 2793 2030 2847 ponto

150 2878 231 2908 om.
263 2865 300 2914 Ο
412 2864 640 2908 mersisset
662 2866 708 2907 et
739 2864 776 2908 G
889 2865 1104 2920 magister
1128 2863 1304 2921 cerdon]
1327 2863 1570 2907 mercedem
1594 2863 1632 2908 0
1745 2863 1771 2906 6
1793 2862 1955 2918 hycino
1971 2862 2028 2913 L,

153 2936 323 2992 hygino
343 2937 449 2978 tunc
470 2936 543 2980 Bv
687 2935 842 2978 urbem
863 2935 955 2978 LT
1101 2935 1124 2978 7
1149 2935 1340 2991 secutus]
1365 2935 1538 2978 secuius
1561 2935 1607 2977 B
1752 2933 1964 2988 additisq.
1992 2934 2035 2976 T

152 3020 194 3063 q.
216 3020 249 3050 s.
275 3007 319 3062 l„
343 3006 509 3050 additit
531 3006 569 3051 G
709 3006 912 3050 criminis
935 3020 992 3049 eoe
1013 2995 1123 3049 crim
1145 3006 1182 3051 Ο
1325 3008 1612 3062 augmentum
1636 3006 1692 3049 C2
1850 3006 1879 3048 8
1899 3005 2029 3047 abru-

150 3078 246 3122 tius
273 3080 314 3122 Τ
496 3079 524 3122 9
544 3078 752 3135 furorem]
775 3078 986 3134 pudorem
1010 3078 1053 3121 Β
1236 3078 1293 3121 10
1314 3078 1493 3134 gracius
1516 3077 1571 3121 0¹
1756 3077 1810 3119 11
1831 3075 2029 3119 haeresis

151 3149 374 3195 BG¹LT¹
517 3149 666 3205 plures
687 3152 733 3193 et
753 3163 810 3193 ex
830 3150 1008 3205 plurum
1031 3162 1077 3192 se
1104 3149 1141 3194 G
1284 3149 1339 3192 12
1359 3149 1399 3191 si
1421 3162 1502 3192 om.
1527 3148 1572 3191 B
1719 3147 1772 3190 13
1792 3146 2030 3200 haeretico]

152 3220 431 3276 rebaptizato
453 3221 499 3263 et
518 3233 608 3263 non
629 3220 735 3264 add.
759 3220 805 3263 B
991 3221 1171 3263 tantum
1191 3233 1350 3263 manus
1379 3219 1486 3264 GTv
1658 3217 1911 3274 penitentia
1940 3215 1977 3260 0

153 3291 210 3334 14
229 3290 346 3346 quod
366 3304 466 3346 exp.
486 3290 531 3335 L
645 3290 762 3346 quod
783 3304 821 3337 a.
842 3305 886 3333 11.
909 3292 978 3333 est
998 3304 1080 3334 om.
1105 3291 1142 3335 0
1255 3290 1310 3333 16
1331 3288 1679 3332 obstinationem
1701 3289 1802 3343 (om.
1825 3288 1910 3338 est)
1939 3286 1977 3331 G

154 3363 208 3406 17
230 3362 524 3419 dispositione
549 3362 608 3405 Τ1
707 3362 762 3405 18
782 3365 828 3406 et
847 3362 1077 3418 indignari
1097 3364 1142 3406 et
1170 3362 1208 3407 C
1224 3362 1419 3405 alterum
1439 3362 1484 3404 et
1502 3373 1539 3404 s.
1564 3361 1590 3403 l.
1683 3360 1736 3403 19
1761 3359 1906 3401 soluet
1927 3358 1973 3401 B

157 3435 323 3478 eseiam
345 3434 390 3478 P
637 3433 694 3476 20
715 3422 978 3478 honorificat
999 3433 1240 3478 GL2PT²v
1482 3432 1539 3475 23
1559 3432 1604 3474 et
1623 3431 1734 3474 item
1761 3431 1801 3474 Τ
1818 3431 1864 3473 et
1883 3441 1920 3474 s.
1942 3429 1971 3471 Ζ.

130 3562 135 3566 .
155 3505 214 3548 24
233 3504 442 3560 obiurgat
463 3505 509 3548 B
681 3504 892 3548 mandata
917 3506 960 3550 T
1120 3509 1227 3560 post
1247 3504 1319 3548 dei
1339 3516 1430 3547 ras.
1451 3498 1628 3548 20-'24
1650 3502 1734 3545 litt.
1758 3501 1811 3544 in
1835 3501 1877 3544 Τ

326 3593 407 3629 111.
1617 3574 1683 3627 51
