2332 3978
313 301 419 354 412
1002 296 1247 344 Caecilii
1278 297 1551 355 Cypriani

315 515 533 583 frangit,
597 514 817 567 tumoris
861 514 1167 567 uiolentiam
1213 512 1519 581 conprimit,
1578 512 1874 566 incendium
1918 513 2204 567 simultatis

315 600 587 669 extinguit,
616 601 814 653 coercet
838 600 1124 667 potentiam
1152 599 1394 663 diuitum,
1421 598 1652 666 inopiam
1677 615 1961 667 pauperum
1986 599 2202 666 resonet,

315 687 492 740 tuetur
530 686 584 739 in
621 686 911 756 uirginibus
949 686 1157 739 beatam
1183 685 1570 754 integritatem,
1611 685 1665 738 in
1691 686 1867 739 uiduis
1893 687 2204 740 laboriosam

317 773 638 836 castitatem,
695 772 750 825 in
801 772 1085 825 coniunctis
1131 774 1182 824 et
1231 771 1492 824 maritatis
1537 771 1868 825 indiuiduam
1913 773 2202 826 caritatem.
2243 794 2266 827 5

316 859 443 912 facit
467 858 691 910 humiles
717 859 771 911 in
796 859 1076 926 prosperiS,
1118 857 1171 910 in
1198 857 1428 910 aduersis
1456 856 1640 922 fortes,
1683 858 1858 911 contra
1895 858 2111 912 iniurias
2151 859 2203 912 et
2293 854 2298 858 ’

317 946 654 999 contumelias
681 945 849 998 mites,
892 946 1039 998 docet
1077 945 1499 1011 delinquentibus
1538 945 1640 999 cito
1679 946 1966 1015 ignoscere,
2009 946 2054 999 si
2091 946 2201 1013 ipse

316 1032 608 1099 delinquas,
649 1032 739 1084 diu
779 1032 829 1084 et
866 1032 1093 1083 multum
1131 1046 1328 1100 rogare.
1369 1032 1735 1098 temptationes
1765 1034 2046 1102 expugnat,
2084 1049 2201 1100 per-

315 1119 600 1171 secutiones
639 1118 850 1182 tolerat,
908 1118 1172 1184 passiones
1211 1118 1264 1170 et
1303 1118 1555 1185 martyria
1593 1119 1933 1172 consummat.
1974 1118 2085 1185 ipsa
2124 1119 2203 1172 est

314 1221 442 1272 quae
468 1204 587 1257 fidei
612 1205 816 1257 nostrae
842 1203 1177 1256 fundamenta
1203 1203 1423 1256 firmiter
1459 1204 1646 1256 munit.
1685 1205 1799 1272 ipsa
1838 1206 1916 1258 est
1955 1219 2082 1271 quae
2120 1205 2201 1256 111-
2221 1226 2265 1257 ιο
2306 1199 2311 1205 ’

314 1292 574 1344 crementa
601 1291 709 1358 spei
736 1290 1033 1343 sublimiter
1060 1290 1311 1357 prouehit.
1353 1291 1465 1357 ipsa
1491 1291 1667 1343 actum
1695 1290 1903 1360 dirigit,
1945 1291 2005 1342 ut
2030 1291 2202 1344 tenere

313 1377 568 1444 possimus
595 1376 737 1428 uiam
765 1375 970 1441 Christi,
1003 1377 1129 1429 dum
1156 1393 1246 1444 per
1274 1377 1383 1430 eius
1411 1377 1741 1430 tolerantiam
1769 1378 2050 1446 gradimur.
2091 1377 2203 1444 ipsa

314 1462 472 1515 efficit
499 1464 556 1514 ut
581 1478 961 1529 perseueremus
989 1462 1085 1514 filii
1106 1464 1217 1527 Dei,
1247 1464 1371 1516 dum
1397 1464 1705 1532 patientiam
1723 1464 1887 1532 patris
1914 1464 2199 1516 imitamur.

229 1556 288 1606 21
386 1550 454 1601 Et
500 1549 740 1616 quoniam
784 1549 1037 1617 plurimos
1089 1551 1192 1603 scio
1208 1592 1219 1614 ,
1259 1549 1445 1603 fratres
1473 1551 1831 1616 dilectissimi,
1872 1551 1957 1603 uel
1982 1549 2203 1617 pondere

313 1635 619 1687 iniuriarum
642 1636 942 1705 angentium
969 1637 1053 1688 uel
1079 1637 1251 1690 dolore
1279 1637 1340 1690 de
1368 1638 1439 1689 eis
1468 1637 1556 1705 qui
1583 1638 1857 1690 aduersum
1887 1652 1938 1690 se
1965 1651 2202 1705 grassan-
2221 1658 2260 1691 1⁵
2328 1626 2332 1633 ’

312 1721 399 1773 tur
425 1722 474 1773 et
502 1722 737 1774 saeuiunt
763 1722 1016 1775 uindicari
1043 1723 1290 1776 uelociter
1316 1739 1524 1790 cupere,
1570 1740 1663 1777 nec
1700 1723 1833 1775 illud
1877 1724 1932 1776 in
1978 1725 2204 1775 extrema

311 1808 455 1873 parte
482 1808 801 1860 reticendum
824 1810 930 1872 est,
975 1810 1034 1860 ut
1060 1810 1113 1861 in
1140 1810 1258 1862 istis
1290 1809 1592 1863 fluctuantis
1620 1811 1802 1863 mundi
1828 1810 2125 1863 turbinibus
2153 1810 2204 1861 et

314 1893 623 1946 Iudaeorum
650 1895 758 1946 siue
798 1895 1076 1963 gentilium
1116 1896 1166 1948 et
1206 1897 1579 1950 haereticorum
1608 1913 1806 1964 quoque
1832 1896 2203 1964 persecutioni-

315 1980 411 2032 bus
439 1981 707 2032 constituti
734 1982 992 2047 patienter
1020 1984 1351 2049 expectemus
1373 1984 1586 2036 ultionis
1615 1984 1754 2036 diem
1791 1999 1883 2035 nec
1910 1983 1974 2035 ad
2000 1982 2205 2034 uindic÷

314 2057 423 2118 tam
451 2067 637 2118 doloris
675 2069 839 2120 nostri
879 2069 1091 2135 querula
1130 2068 1461 2122 festinatione
1486 2085 1843 2137 properemuS,
1886 2085 2004 2121 cum
2043 2068 2204 2136 scrip·
2223 2097 2268 2130 20

315 2154 430 2205 tum
469 2154 567 2205 sit:
624 2155 890 2220 expecta
940 2171 1062 2220 me,
1123 2156 1292 2208 dicit
1330 2156 1668 2220 DominUS,
1728 2156 1790 2207 in
1844 2155 1947 2208 die
1998 2169 2206 2207 resur-

314 2240 628 2292 rectionis
668 2257 837 2293 meae
894 2241 955 2294 in
1011 2243 1497 2307 testimonium,
1556 2243 1852 2310 quoniam
1892 2241 2207 2294 iudicium

315 2341 518 2377 meum
558 2327 631 2378 ad
671 2329 1211 2396 congregationes
1261 2329 1580 2398 gentium,
1640 2331 1709 2381 ut
1762 2328 2081 2395 excipiam
2119 2343 2209 2379 re-

317 2428 426 2480 ges
478 2414 538 2464 et
590 2411 918 2465 effundam
971 2430 1161 2482 super
1211 2430 1311 2467 eos
1350 2415 1518 2467 iram
1557 2431 1769 2468 meam.
1830 2414 2094 2482 expectare
2119 2428 2210 2466 nos

317 2499 460 2550 iubet
485 2499 738 2550 Dominus
765 2500 815 2551 et
842 2499 1047 2552 futurae
1074 2500 1288 2553 ultionis
1328 2501 1466 2554 diem
1506 2501 1627 2552 forti
1662 2500 1916 2567 patientia
1943 2499 2209 2563 sustinere,
2228 2517 2271 2550 25

319 2585 406 2651 qui
446 2586 496 2636 et
533 2585 586 2636 in
613 2584 927 2652 Apocalypsi
965 2586 1193 2653 loquitur
1233 2588 1430 2640 dicens:
1488 2604 1559 2640 ne
1599 2587 1651 2640 si
1665 2603 1833 2656 gnau
1849 2587 1976 2639 eris
2016 2585 2211 2638 uerba

317 2670 696 2737 prophetiae
734 2671 891 2722 libri
930 2672 1148 2736 huius,
1179 2673 1328 2739 quia
1366 2673 1491 2726 iam
1529 2675 1784 2740 tempus
1823 2673 1885 2725 in
1922 2672 2210 2739 proximo

320 2757 442 2808 est:
501 2758 559 2808 et
597 2757 659 2808 hi
699 2758 804 2824 qui
843 2762 1275 2824 perseuerant
1313 2775 1570 2825 nocere,
1635 2761 1933 2824 noceant,
1997 2759 2058 2811 et
2099 2758 2211 2825 qui

319 2842 383 2894 in
423 2843 726 2895 sordibus
766 2846 862 2897 est
901 2844 1246 2898 sordescat
1284 2847 1515 2911 adhue,
1575 2847 1790 2900 iustus
1843 2847 2059 2900 autem
2110 2846 2211 2899 ad-

487 3028 543 3072 21
580 3029 708 3083 Soph.
734 3031 773 3083 3,
796 3031 836 3073 8.
927 3032 983 3074 26
1014 3031 1147 3087 Apoc.
1171 3032 1239 3085 22,
1265 3032 1321 3075 10
1343 3046 1405 3089 sq.

404 3186 431 3228 2
461 3187 643 3230 tomoris
666 3188 703 3230 S
805 3188 833 3231 4
866 3188 1070 3244 uirgibus
1094 3189 1132 3233 S
1238 3190 1287 3232 in
1310 3190 1461 3233 uiduis
1483 3190 1512 3234 l.
1537 3190 1798 3234 castitatem
1820 3203 1901 3233 om.
1926 3191 1991 3236 W
2089 3189 2210 3232 labo-

317 3256 499 3313 riosam]
524 3258 695 3302 desinit
719 3258 755 3302 S
861 3259 915 3302 13
946 3259 1013 3303 fili
1041 3261 1122 3306 W¹
1232 3261 1440 3304 imitatur
1469 3261 1510 3306 G
1601 3262 1656 3305 14
1687 3262 1745 3317 et]
1770 3261 1845 3305 sed
1866 3275 1892 3306 v
1980 3260 2208 3317 quoniam]

318 3341 451 3383 quam
480 3329 520 3372 G
607 3330 661 3372 15
692 3330 755 3373 eis
778 3332 859 3383 W,
891 3331 964 3374 his
994 3331 1035 3375 G-
1138 3335 1395 3376 crassantur
1424 3333 1464 3378 G
1574 3334 1628 3378 16
1658 3347 1755 3377 nec.
1777 3331 2100 3376 ..reticendum
2120 3332 2207 3389 est]
2327 3318 2332 3364 ἶ

318 3415 396 3444 nec
418 3401 463 3444 in
484 3402 614 3445 illum
635 3404 820 3446 extremi
841 3404 999 3448 iudicii
1022 3404 1140 3448 diem
1162 3406 1379 3450 malorum
1399 3407 1743 3451 retributionem
1765 3405 1961 3449 differre:
1979 3405 2208 3450 nobiscum
2330 3404 2332 3408 '

318 3472 472 3516 hortor
492 3474 676 3517 interim
699 3474 1025 3531 amplectimini
1046 3477 1293 3531 patientiae
1313 3477 1479 3521 bonum
1500 3493 1528 3523 v
1541 3484 1649 3534 post
1670 3478 1937 3523 Morellium
2024 3476 2081 3521 20
2101 3489 2207 3532 que·
2324 3445 2332 3540 1

320 3544 417 3585 rula
438 3546 483 3586 et
504 3544 728 3589 inuidiosa
746 3561 770 3590 v
859 3547 1076 3603 scriptum
1098 3561 1179 3591 om.
1198 3549 1281 3593 W¹
1359 3549 1415 3592 21
1438 3539 1520 3593 diss
1548 3552 1657 3596 Ws.
1680 3550 1708 3594 l.
1726 3563 1782 3593 m.
1800 3553 1830 3594 2
1919 3547 2038 3592 diem
2060 3548 2124 3594 W
2323 3541 2332 3614 ξ

320 3614 376 3656 25
407 3616 616 3659 sustineri
640 3618 703 3662 W
788 3618 845 3662 28
875 3622 920 3662 et
940 3618 1008 3674 hi]
1030 3621 1083 3661 ut
1104 3620 1150 3662 et
1171 3618 1204 3662 ii
1230 3634 1274 3672 v;
1298 3621 1358 3674 cf.
1382 3625 1480 3665 test.
1505 3622 1598 3665 III
1609 3624 1674 3665 23
2322 3619 2332 3652 ἶ
