2332 3978
318 266 425 322 684
989 263 1239 315 Caecilii·
1270 263 1538 322 Cypriani

315 395 676 466 episcoporum
700 394 757 448 in
780 393 960 448 Africa
986 393 1417 459 constitutorum,
1457 394 1546 462 qui
1572 393 1635 448 de
1659 394 1770 448 illis
1805 394 1913 449 iam
1937 394 2205 458 iudicaue-
2252 447 2276 459 ,,
2318 454 2321 455 ⁷

318 483 441 536 runt
477 482 530 535 et
567 495 745 534 eorum
778 479 1148 534 conscientiam
1182 479 1367 534 multis
1404 479 1713 535 delictorum
1747 480 1947 548 laqueis
1973 469 2203 536 uinctam
2257 483 2278 491 ’

323 566 508 621 iudicii
533 566 616 620 sui
641 581 805 635 nuper
831 566 1091 637 grauitate
1117 566 1445 620 damnarunt.
1472 566 1579 621 iam
1607 582 1760 623 causa
1787 581 1965 621 eorum
2000 568 2206 638 cognita
2266 613 2274 621 .
2323 623 2332 641 ι,

319 655 415 718 661,
443 653 550 707 iam
577 654 640 707 de
666 653 740 707 eis
767 653 910 707 dicta
935 651 1193 707 sententia
1219 650 1324 718 est,
1360 668 1454 707 nec
1490 668 1732 707 censurae
1769 654 2009 723 congruit
2034 668 2204 710 sacer·

319 738 502 793 dotum
519 738 731 793 mobilis
753 739 920 807 adque
939 738 1280 792 inconstantis
1306 739 1468 792 animi
1493 739 1712 793 leuitate
1738 739 2058 807 reprehendi,
2085 754 2202 796 cum
2218 763 2239 797 s
2277 727 2324 808 ’,ζῗζ

316 825 571 880 Dominus
608 826 786 879 doceat
822 827 874 879 et
909 826 1073 879 dicat:
1113 825 1205 878 sit
1242 841 1447 879 sermo
1485 826 1729 890 uester,
1779 826 1876 880 est
1915 828 2039 894 est,
2087 842 2206 881 non

316 926 453 966 non.
2278 914 2332 988 ἐς.

236 1001 297 1053 15
387 998 443 1052 Si
470 1013 646 1052 eorum
673 998 762 1066 qui
789 998 851 1051 de
887 997 996 1050 illis
1031 998 1199 1065 priore
1235 1009 1366 1051 anno
1402 997 1767 1051 iudicauerunt
1800 1014 2048 1052 numerus
2086 1014 2205 1053 cum
2288 987 2325 1067 1

318 1085 636 1154 presbyteris
662 1086 714 1137 et
740 1083 969 1138 diaconis
996 1084 1320 1152 conputetur,
1357 1084 1531 1151 plures
1558 1085 1682 1138 tunc
1709 1083 1986 1138 adfuerunt
2012 1084 2203 1138 iudicio
2297 1072 2326 1154 Ἐξ

316 1172 368 1225 61
414 1167 696 1240 cognitioni
738 1187 895 1238 quam
939 1172 1061 1224 sunt
1109 1170 1250 1224 idem
1292 1170 1383 1223 isti
1427 1171 1516 1238 qui
1566 1187 1685 1224 cum
1729 1171 2012 1224 Fortunato
2071 1187 2206 1226 1111116
2221 1195 2264 1229 ιο
2300 1156 2326 1246 Ῠῖ

316 1257 561 1310 uidentur
587 1272 697 1311 6666
724 1257 1001 1310 661111111611.
1032 1256 1162 1310 scire
1189 1256 1328 1310 enim
1354 1255 1534 1322 debeS,
1571 1256 1733 1310 frater
1759 1257 2048 1322 carissime,
2086 1273 2205 1311 eum

315 1344 654 1411 posteaquam
690 1343 1153 1412 pseudoepiscopus
1179 1343 1242 1396 ab
1270 1343 1543 1397 haereticis
1578 1343 1747 1397 factus
1783 1345 1877 1412 est,
1913 1344 2019 1396 iam
2044 1360 2205 1412 paene

313 1429 377 1482 ab
420 1429 662 1483 omnibus
711 1445 821 1483 esse
865 1430 1143 1482 desertum.
1190 1445 1411 1497 namque
1445 1429 1501 1482 hi
1535 1430 1722 1497 quibus
1760 1430 1815 1483 in
1865 1431 2204 1498 praeteritum

312 1515 625 1585 praestigiae
651 1515 1064 1569 obtendebantur
1090 1516 1143 1568 et
1170 1515 1426 1568 dabantur
1452 1516 1611 1570 uerba
1637 1516 1847 1570 fallacia
1874 1504 2010 1584 quod
2045 1517 2203 1571 simul

312 1602 379 1655 ad
418 1601 686 1655 ecclesiam
730 1602 1014 1670 regressuri
1059 1601 1374 1667 dicerentur,
1425 1604 1761 1670 posteaquam
1805 1603 2051 1658 uiderunt
2094 1603 2205 1658 illic
2223 1623 2262 1655 15

311 1688 806 1756 pseudoepiscopum
838 1688 1054 1753 factum,
1092 1688 1369 1742 frustratos
1406 1690 1458 1742 et
1494 1689 1732 1756 deceptos
1769 1705 1822 1743 se
1857 1705 1964 1743 esse
2002 1689 2201 1743 didice-

311 1775 435 1826 runt
464 1775 517 1826 et
542 1775 775 1827 remeant
802 1774 992 1827 cotidie
1018 1774 1184 1842 adque
1210 1775 1276 1828 ad
1303 1774 1573 1828 ecclesiam
1598 1776 1825 1843 pulsant,
1853 1776 2000 1828 nobis
2026 1777 2201 1829 tamen

315 1877 345 1914 a
372 1861 560 1927 quibus
586 1861 719 1914 ratio
746 1862 968 1914 Domino
1003 1861 1263 1915 reddenda
1289 1863 1368 1916 est
1395 1863 1542 1916 anxie
1577 1863 1978 1930 ponderantibus
2015 1865 2066 1917 et
2101 1863 2203 1917 sol-

313 1946 459 2000 licite
496 1948 908 2001 examinantibus
935 1949 1023 2016 qui
1049 1949 1209 2018 recipi
1235 1951 1288 2002 et
1314 1949 1526 2003 admitti
1562 1951 1627 2003 ad
1663 1950 1931 2004 ecclesiam
1969 1950 2200 2004 debeant.
2276 1940 2281 1944 ⁷

312 2033 625 2100 quibusdam
661 2035 799 2087 enim
834 2035 909 2087 ita
936 2035 1027 2088 aut
1054 2035 1272 2088 crimina
1298 2052 1390 2089 sua
1414 2036 1674 2090 obsistunt
1700 2039 1791 2090 aut
1816 2037 2001 2091 fratres
2038 2037 2200 2090 obsti·
2217 2054 2259 2088 20

314 2120 434 2173 nate
478 2121 529 2174 et
565 2121 784 2174 firmiter
826 2121 1123 2174 renituntur
1158 2124 1218 2175 ut
1252 2122 1413 2190 recipi
1454 2124 1659 2176 omnino
1698 2139 1797 2176 non
1838 2124 2035 2191 possint
2084 2140 2202 2177 cum

312 2206 552 2259 scandalo
580 2208 632 2260 et
657 2209 886 2276 periculo
906 2209 1267 2276 plurimorum.
1294 2225 1458 2276 neque
1477 2210 1615 2263 enim
1636 2211 1710 2263 sic
1728 2211 2025 2277 putramina
2045 2225 2202 2278 quae-

317 2292 436 2345 dam
463 2293 751 2362 colligenda
779 2295 900 2347 sunt
938 2295 998 2347 ut
1033 2311 1164 2362 quae
1199 2295 1405 2365 integra
1440 2297 1492 2349 et
1528 2311 1650 2349 sana
1686 2298 1807 2349 sunt
1843 2297 2196 2360 numerentur,

318 2394 411 2432 nec
437 2379 587 2432 utilis
616 2381 707 2433 aut
734 2381 1000 2434 consultus
1028 2383 1106 2435 est
1131 2382 1309 2450 pastor
1336 2382 1426 2449 qui
1451 2382 1527 2435 ita
1554 2383 1814 2435 morbidas
1853 2384 1903 2435 et
1942 2384 2202 2436 contactas

484 2566 511 2609 6
543 2566 708 2611 Matth.
743 2567 783 2620 5,
817 2568 887 2611 37.

399 2739 423 2782 1
449 2739 539 2781 iam
561 2739 614 2783 de
635 2739 729 2784 illis
759 2740 823 2798 Qv
867 2800 889 2826 h
997 2742 1024 2784 2
1046 2742 1264 2799 uinctam]
1295 2743 1548 2787 inuolutam
1571 2742 1703 2788 GRV
1871 2743 1900 2787 3
1921 2756 2059 2799 nuper
2081 2742 2201 2786 dam-

311 2834 532 2876 nauerunt
561 2834 642 2878 GR
769 2836 798 2879 4
817 2835 870 2879 de
891 2835 929 2879 is
952 2836 1008 2888 L,
1033 2849 1114 2880 om.
1140 2836 1182 2880 R
1301 2849 1532 2880 censuram
1554 2836 1611 2881 02
1738 2836 1765 2880 5
1786 2836 1949 2880 nobilis
1973 2836 2017 2881 R
2134 2836 2202 2878 in-

312 2905 557 2948 constantis
580 2918 635 2949 ca:
656 2907 910 2950 constantia
932 2907 970 2952 C
1105 2908 1132 2951 6
1153 2908 1306 2953 doceat
1327 2910 1372 2951 61
1395 2921 1479 2952 om.
1507 2907 1545 2965 Q
1680 2908 1708 2951 8
1728 2907 2032 2952 iudicauerint
2052 2908 2144 2951 LP

312 2988 517 3019 numeros
541 2977 605 3020 L¹
776 2979 803 3021 9
824 2977 1084 3022 diaconibus
1108 2979 1215 3024 (JPv
1237 2978 1315 3023 sed
1336 2979 1468 3023 nibus
1489 2980 1541 3023 in
1565 2979 1603 3024 G
1619 2992 1652 3023 s.
1678 2980 1706 3023 l.
1873 2980 2080 3023 afuerunt
2102 2979 2146 3022 L

311 3046 479 3091 iudicio
501 3050 546 3091 et
567 3048 815 3105 cognitioni
836 3062 919 3094 om.
944 3050 982 3095 C
1095 3051 1150 3094 10
1171 3051 1290 3095 idem
1313 3064 1396 3095 om.
1421 3051 1459 3096 C
1572 3052 1650 3107 qui
1671 3052 1786 3108 611111]
1810 3051 2077 3107 quicumque
2100 3051 2145 3095 R

313 3119 366 3162 11
388 3133 487 3163 eum
519 3115 600 3164 or'n.
626 3120 664 3165 Ο
836 3122 891 3164 12
912 3121 968 3165 ab
1000 3135 1057 3166 eoe
1085 3122 1143 3166 ad
1164 3122 1202 3167 G
1373 3123 1465 3166 iam
1494 3136 1576 3167 om.
1602 3123 1641 3167 (J
1811 3123 1866 3166 13
1886 3123 1953 3166 hii
1980 3123 2031 3180 Q,
2061 3123 2095 3165 ii
2117 3122 2201 3172 Rc,

311 3190 384 3234 his
407 3191 524 3247 LP;
546 3192 604 3246 cf.
631 3205 740 3249 pay.
767 3194 906 3248 678,7
1062 3194 1117 3237 14
1137 3194 1433 3250 praestrigiae
1454 3192 1555 3250 LQ,
1580 3194 1824 3251 praestigia
1849 3208 1876 3239 v
2035 3192 2202 3237 daban-

310 3264 386 3305 tur
407 3276 488 3308 om.
514 3264 595 3309 CR
713 3265 766 3309 16
784 3264 950 3309 frustra
972 3278 1043 3309 eos
1061 3265 1099 3309 G
1211 3265 1412 3310 dicerent
1429 3265 1490 3309 M
1492 3270 1503 3289 ¹
1523 3264 1795 3321 (didicerunt
1815 3266 1876 3309 M
1879 3267 1895 3291 ²
1904 3265 1974 3323 Q),
1996 3265 2203 3310 dixerunt

312 3348 367 3379 ex
402 3335 606 3380 dicerunt
628 3337 664 3381 C
819 3338 871 3381 17
895 3339 1119 3381 remeatur
1146 3339 1183 3383 Ο
1336 3339 1391 3382 18
1411 3337 1589 3382 reddita
1614 3337 1651 3395 Q
1807 3338 1862 3382 19
1882 3340 1927 3382 61
1948 3337 2202 3381 examinari·
2268 3396 2271 3403 s

310 3406 434 3450 tibus
459 3407 497 3465 Q
659 3408 717 3452 20
738 3409 951 3453 fratribus
973 3409 1010 3454 Ο
1161 3410 1217 3453 21
1239 3411 1425 3465 possunt
1448 3409 1551 3454 0¹12
1703 3410 1817 3465 cum]
1841 3408 1928 3452 nisi
1952 3422 2049 3453 cum
2072 3409 2145 3453 Rv

310 3479 367 3523 22
387 3479 621 3535 putamina
643 3480 700 3525 0²
825 3482 881 3525 23
903 3481 1158 3538 collegenda
1181 3481 1218 3525 C
1332 3481 1460 3537 quae]
1484 3494 1618 3537 quam
1640 3480 1684 3525 L
1800 3483 1846 3525 et
1867 3493 1974 3524 sana
1995 3493 2075 3525 om.
2100 3479 2145 3523 L

310 3550 604 3595 uulnerantur
626 3552 681 3597 Οι
798 3552 854 3596 24
875 3553 1018 3610 1111116]
1042 3555 1094 3596 111
1115 3552 1210 3597 11116
1239 3552 1287 3610 Q,
1311 3552 1417 3597 ullis
1439 3553 1485 3597 P
1599 3554 1848 3597 contractas
1873 3551 1975 3608 0¹0
