2332 3978
555 985 685 1065 nn
738 981 1140 1063 HABITV
1186 950 1766 1061 VIRGINVM.

292 1203 601 1306 Disciplina
638 1239 809 1290 custos
847 1236 982 1304 spei,
1022 1235 1369 1289 retinaculum
1410 1234 1557 1299 fidei,
1598 1233 1701 1286 dux
1734 1232 1938 1286 itineris
1964 1231 2150 1286 salu-l

211 1327 375 1390 raris,
415 1325 576 1378 fomes
614 1339 672 1376 ac
707 1323 1082 1376 nutrimentum
1120 1323 1281 1375 bonae
1318 1322 1534 1386 indolis,
1584 1319 1836 1389 magistra
1872 1319 2101 1383 uirtutiS,

221 1411 347 1465 facit
371 1411 426 1463 in
445 1409 647 1463 Christo
665 1423 872 1462 manere
899 1423 1097 1474 semper
1122 1422 1180 1460 ac
1204 1407 1398 1476 iugiter
1417 1407 1523 1459 Deo
1545 1406 1735 1470 uiuere,
1764 1405 1828 1458 ad
1853 1405 2108 1473 promissa

185 1515 203 1546 5
221 1497 462 1551 caelestia
488 1497 539 1550 et
566 1495 742 1548 diuina
766 1495 993 1561 praemia
1017 1494 1298 1560 peruenire.
1326 1494 1458 1546 hanc
1484 1494 1536 1546 et
1562 1492 1747 1546 sectari
1786 1492 1991 1545 salubre
2030 1491 2110 1545 est

222 1585 274 1638 et
299 1583 521 1636 auersari
548 1598 607 1635 ac
630 1581 903 1651 neglegere
928 1579 1098 1632 letale.
1139 1579 1191 1631 in
1215 1579 1430 1646 psalmis
1455 1579 1685 1646 loquitur
1711 1577 1932 1645 Spiritus
1959 1594 2106 1631 sanc-

218 1670 330 1722 tus:
370 1668 702 1722 continete
742 1665 1173 1733 disciplinam
1210 1680 1281 1718 ne
1320 1664 1489 1718 forte
1526 1664 1859 1717 irascatur
1896 1663 2108 1716 Domi—

218 1770 334 1809 nus
373 1755 434 1808 et
468 1755 760 1823 pereatis
806 1769 836 1806 a
880 1753 985 1805 uia
1021 1752 1232 1817 recta,
1290 1767 1431 1804 cum
1477 1749 1795 1803 exarserit
1841 1749 1969 1801 cito
2007 1749 2108 1802 ira

218 1841 355 1894 eius
393 1855 580 1907 super
616 1855 745 1893 uos.
799 1839 850 1891 et
876 1838 1093 1890 iterum:
1121 1836 1452 1904 peccatori
1478 1837 1694 1889 autem
1721 1835 1886 1888 dicit
1912 1835 2105 1887 Deus:

162 1929 291 1982 mad
338 1928 488 1996 quid
545 1925 818 1994 exponis
875 1923 1413 1977 iustificationes
1469 1937 1642 1975 meas
1700 1922 1762 1974 et
1819 1921 2106 1974 adsumis

219 2014 691 2079 testamentum
731 2028 935 2065 meum
971 2026 1080 2078 per
1126 2025 1190 2064 os
1236 2010 1451 2062 tuum‘?
1507 2010 1577 2061 tu
1630 2009 1844 2061 autem
1901 2007 2105 2060 odisti

200 2100 644 2168 *disciplinam
702 2098 767 2151 et
824 2095 1133 2151 abiecisti
1189 2110 1514 2147 sermones
1572 2108 1745 2147 meos
1802 2094 1991 2146 retro
2058 2094 2110 2145 et

223 2187 386 2240 denuo
429 2186 684 2254 legimus:
740 2183 1161 2250 disciplinam
1198 2183 1307 2250 qui
1346 2182 1554 2235 abicit
1591 2181 1831 2234 infelix
1880 2182 1994 2234 est.
2057 2181 2111 2233 et

224 2271 286 2325 de
313 2270 581 2324 Salomone
605 2270 850 2323 mandata
876 2269 1159 2337 sapientiae
1193 2267 1449 2321 monentis
1483 2266 1799 2334 accepimus:
1858 2266 1998 2331 fili,
2037 2281 2111 2318 ne

166 2356 591 2426 15neglexeris
628 2354 1049 2423 disciplinam
1085 2353 1202 2406 Dei
1238 2369 1350 2406 nec
1387 2352 1716 2406 defeceris
1755 2352 1830 2405 ab
1870 2368 1935 2406 eo
1974 2366 2109 2405 cor-

226 2442 477 2510 reptus:
541 2456 726 2508 quem
764 2440 937 2493 enim
976 2439 1221 2508 diligit
1273 2440 1440 2492 Deus
1494 2438 1792 2506 corripit.
1850 2438 1895 2490 si
1934 2439 2111 2491 autem

222 2528 363 2580 Deus
402 2542 554 2594 quem
592 2526 769 2595 diligit
806 2526 1020 2594 corripit
1058 2526 1110 2579 et
1146 2525 1358 2592 corripit
1383 2525 1443 2578 ut
1470 2525 1731 2590 emendet,
1770 2524 1954 2577 fratres
1982 2538 2109 2591 quo-

396 2684 420 2727 7
441 2683 513 2727 Ρ8.
536 2682 576 2736 2,
601 2683 669 2726 12.
758 2682 785 2725 9
805 2682 878 2726 Ps.
900 2681 970 2735 49,
994 2682 1048 2726 16
1071 2694 1136 2738 sq.
1226 2681 1280 2725 13
1303 2681 1403 2737 Sap.
1426 2680 1467 2733 3,
1490 2680 1556 2724 11.
1650 2680 1705 2723 14
1735 2680 1862 2724 Prou.
1882 2679 1922 2732 3,
1944 2680 1998 2723 11
2016 2693 2078 2736 sq.

307 2838 491 2871 INCIPIT
521 2838 583 2869 DE
612 2837 796 2869 HABITV
825 2837 1072 2869 VIRGINVM
1103 2837 1352 2868 FELICITER
1385 2824 1439 2877 S,
1486 2837 1668 2868 INCIPIT
1698 2837 1760 2867 DE
1790 2837 1973 2868 HABITV
2003 2837 2112 2867 VIR-

222 2909 378 2942 GINVM
403 2897 534 2951 WD,
578 2910 639 2941 DE
667 2909 939 2941 DISCIPLINA
969 2909 1027 2940 ET
1058 2909 1241 2941 HABITV
1271 2908 1591 2940 FAEMINARVM
1618 2896 1677 2948 V;
1718 2892 1853 2939 ‘liber
1875 2896 1928 2940 de
1948 2896 2111 2940 habitu

220 2965 457 3025 uirginum'
482 2969 778 3025 Auyustiuus
806 2968 862 3013 de
891 2968 1108 3012 doctrina
1129 2969 1281 3013 christ.
1307 2968 1393 3021 IV,
1428 2971 1498 3021 21,
1538 2971 1611 3013 48.
1635 2972 1737 3012 tom.
1761 2968 1855 3011 III
1870 3000 1879 3011 .
1902 2968 1938 3012 Ι
1950 2981 2001 3023 p.
2024 2970 2086 3012 85
2095 2985 2108 3021 ;

221 3039 274 3084 de
295 3040 535 3097 disciplina
555 3041 601 3083 et
620 3039 783 3084 habitu
803 3040 1033 3096 uirginum
1053 3054 1081 3085 υ
1168 3040 1196 3083 3
1225 3039 1429 3083 indolens
1454 3040 1492 3084 S
1575 3039 1608 3085 4
1638 3039 1790 3083 uiuere
1813 3040 1859 3083 et
1880 3053 1907 3084 v
1995 3038 2023 3082 5
2054 3038 2111 3082 ad

223 3110 377 3155 diuina
398 3126 426 3157 v
521 3112 548 3156 6
580 3124 631 3155 ac
651 3125 733 3156 om.
757 3111 807 3155 D
921 3111 1085 3155 loetale
1107 3111 1173 3156 W
1308 3112 1492 3155 sanctus
1514 3110 1663 3154 dicens
1686 3110 1730 3155 V
1831 3111 1856 3153 7
1888 3109 2111 3153 continete

221 3182 400 3235 uosD¹,
418 3182 594 3226 contine
612 3182 651 3227 S
718 3169 823 3227 dnn]
839 3183 888 3227 D
975 3184 1003 3227 8
1032 3183 1168 3239 recta]
1187 3182 1309 3226 iusta
1324 3181 1373 3226 D
1459 3184 1487 3226 9
1507 3183 1602 3239 uos]
1625 3195 1703 3225 nos
1721 3182 1785 3226 W
1862 3181 1978 3224 dixit
1998 3196 2025 3226 v

223 3239 323 3297 <iffi
342 3253 380 3298 S
482 3255 538 3298 10
568 3253 639 3311 ad]
661 3255 713 3297 ut
732 3269 759 3299 υ
846 3256 899 3298 tu
920 3254 1100 3310 exponis
1123 3255 1185 3299 W
1272 3253 1607 3298 iustificationis
1628 3253 1701 3308 D;
1722 3253 1983 3307 saepissime
1995 3265 2107 3308 per-

224 3330 468 3370 mutantur
485 3327 539 3370 in
562 3325 645 3370 SD
664 3326 846 3370 litterae
867 3339 891 3369 6
912 3330 955 3369 et
974 3326 1012 3379 1,
1062 3330 1115 3369 ut
1135 3326 1188 3370 in
1210 3325 1362 3371 SWD
1383 3339 1406 3369 e
1430 3330 1473 3369 et
1494 3338 1563 3378 ae,
1596 3338 1646 3368 ae
1669 3329 1709 3368 et
1728 3337 1799 3376 oe,
1844 3324 1860 3366 i
1883 3328 1926 3367 et
1945 3338 1975 3380 y
1983 3340 1995 3376 ;
2026 3325 2110 3368 has

227 3397 586 3454 permutationes
606 3411 702 3442 uon
722 3410 874 3443 ovines
895 3397 1127 3442 aduotaui
1253 3397 1310 3440 14
1347 3398 1569 3440 solomone
1593 3396 1695 3448 SD,
1729 3399 1770 3438 et
1789 3395 1859 3437 ita
1878 3395 1978 3449 fere
1996 3408 2107 3439 sem-

218 3481 305 3525 per
328 3469 366 3514 S
447 3468 688 3526 accipimus
715 3470 826 3514 WD
911 3482 1053 3525 super
1073 3481 1128 3511 ne
1155 3469 1218 3513 W
1237 3481 1293 3511 m.
1315 3470 1372 3512 2.-
1404 3469 1498 3512 noli
1614 3467 1671 3510 15
1700 3464 1935 3522 neglegere
1957 3467 2108 3523 W(ne

222 3540 471 3597 neglegeris
487 3541 657 3596 recepit
672 3541 957 3597 Krabiuyer)
1045 3539 1214 3583 domini
1233 3552 1260 3583 v
1348 3539 1440 3595 nec]
1463 3552 1517 3582 ne
1537 3538 1585 3581 D
1674 3537 1728 3581 16
1749 3525 1832 3582 diss
1854 3538 1918 3582 W
2016 3550 2107 3581 cor-

223 3612 340 3667 repit
359 3612 408 3655 D
525 3611 563 3654 81
584 3624 664 3656 om.
691 3612 729 3657 S
848 3612 901 3654 17
934 3600 1015 3654 dn}
1031 3610 1080 3654 D
1189 3612 1235 3654 et
1255 3609 1439 3665 corripit
1459 3622 1540 3652 om.
1567 3608 1612 3661 S,
1636 3610 1682 3652 et
1703 3608 1757 3652 ad
1777 3609 1860 3654 hoc
1881 3608 2065 3664 corripit
2081 3620 2108 3652 v
