2332 3978
686 235 949 293 Epistula
977 234 1471 280 LXIIL—LXIIII.
1905 237 2006 290 717

2 352 26 438 Ξ
136 370 188 422 et
213 367 347 435 quod
379 365 523 434 prius
558 364 694 432 apud
731 363 978 432 quosdam
1011 362 1217 416 uidetur
1251 364 1478 418 erratum
1515 365 1736 419 Domino
1774 366 2012 419 monente

1 442 22 477 ''-
46 477 72 520 χ,
140 447 408 521 corrigere,
443 451 505 503 ut
542 466 661 503 cum
700 449 756 502 in
793 448 1030 502 claritate
1068 463 1159 501 sua
1193 449 1245 501 et
1279 450 1553 504 maiestate
1588 451 1800 506 caelesti
1834 451 2011 504 uenire

21 544 75 603 ”;
138 536 373 607 coeperit,
400 535 634 589 inueniat
657 550 748 588 nos
773 535 947 588 tenere
971 534 1106 602 quod
1130 534 1348 603 monuit,
1375 535 1644 589 obseruare
1664 537 1799 604 quod
1820 535 2010 600 docuit,

138 624 301 678 facere
328 621 464 690 quod
488 621 628 674 fecit.
665 621 784 689 opto
811 622 880 683 te,
908 619 1071 674 frater
1106 619 1387 684 carissime,
1424 635 1622 688 semper
1655 621 1783 675 bene
1822 623 2010 675 ualere.

168 1027 170 1033 ψ
523 904 1167 1022 EPISTVLA
1225 904 1626 996 Lx-HH.

47 1078 73 1126 Ϊ’
137 1090 474 1136 CYPRIANVS
489 1089 564 1134 ΕΤ
579 1089 794 1136 ΟΕΤΕΒΙ
814 1089 1120 1135 COLLEGAE
1131 1089 1247 1144 ,QVI
1263 1089 1332 1134 IN
1349 1089 1630 1136 CONCILIO
1650 1088 1974 1144 ADFVERVN
1977 1089 2014 1132 'P

4 1163 11 1187 ²
42 1179 44 1182 ·
62 1162 93 1205 ἵ.
630 1162 880 1208 NVMERO
899 1162 1044 1206 LXVI
1063 1162 1207 1208 FIDO
1230 1162 1454 1207 FRATRI
1475 1163 1517 1206 S.

210 1337 457 1405 Legimus
493 1336 698 1389 litteras
732 1337 866 1400 tuas,
897 1335 1063 1389 'frater
1088 1323 1370 1400 carissime,
1407 1335 1596 1403 quibus
1623 1334 1927 1403 significasti
1952 1334 2059 1393 del

40 1432 53 1453 ²
141 1421 351 1475 Victore
370 1422 627 1489 quondam
644 1422 957 1490 presbyterO,
979 1422 1115 1489 quod
1135 1422 1198 1486 ei,
1219 1423 1491 1489 antequam
1512 1420 1886 1490 paenitentiam
1902 1420 2015 1487 ple-

53 1518 61 1562 ί.
78 1524 123 1557 ιο
137 1523 263 1561 nam
306 1507 496 1577 egisset
538 1508 590 1560 et
627 1507 849 1561 Domino
889 1508 996 1561 Deo
1039 1508 1095 1561 in
1140 1523 1292 1575 quem
1336 1507 1623 1574 deliquerat
1666 1506 2015 1574 satisfecisset,

36 1581 64 1653 f
89 1634 93 1640 .
137 1595 332 1647 temere
357 1593 644 1661 Therapius
681 1594 877 1662 collega
912 1594 1086 1647 noster
1121 1594 1383 1646 inmaturo
1421 1594 1654 1660 tempore
1688 1595 1740 1646 et
1774 1606 2017 1660 praepro-

136 1695 261 1746 pera
285 1678 615 1731 festinatione
639 1694 819 1747 pacem
845 1678 1057 1732 dederit.
1107 1694 1237 1747 quae
1262 1694 1343 1731 res
1368 1693 1459 1732 nos
1486 1679 1613 1731 satis
1640 1677 1823 1743 mouit,
1850 1694 2017 1731 reces-

141 1779 258 1816 sum
293 1779 402 1817 esse
427 1780 458 1817 a
483 1765 676 1818 decreti
710 1765 874 1818 nostri
909 1765 1233 1829 auctoritate,
1275 1765 1335 1817 ut
1360 1765 1478 1817 ante
1503 1764 1803 1832 legitimum
1830 1765 1882 1817 et
1906 1764 2018 1831 ple-

35 1854 39 1861 ⁴
138 1866 264 1901 num
309 1850 513 1916 tempus
558 1849 924 1904 satisfactionis
963 1852 1014 1903 et
1051 1851 1159 1903 sine
1196 1850 1367 1918 petitu
1405 1850 1456 1902 et
1497 1850 1809 1903 conscientia
1852 1849 2019 1918 plebis

34 1926 38 1946 '²
89 1955 129 1988 15
144 1934 289 1987 nulla
322 1934 624 1988 infirmitate
657 1937 874 2005 urgente
899 1952 957 1989 ac
982 1936 1288 1989 necessitate
1322 1937 1536 2004 cogente
1576 1944 1674 2002 pax
1701 1936 1747 1988 ei
1774 1936 2018 1989 concede-

137 2020 297 2073 retur,
348 2022 437 2073 sed
480 2022 670 2074 librato
715 2023 852 2089 apud
893 2038 984 2076 nos
1029 2023 1118 2075 diu
1163 2021 1378 2075 consilio
1423 2022 1552 2075 satis
1589 2021 1704 2075 ,fuit
1749 2023 2020 2091 obiurgare

40 2119 57 2167 ·;
140 2105 452 2172 Ther-apium
489 2107 743 2176 collegam
777 2109 1012 2161 nostrum
1047 2109 1183 2175 quod
1208 2108 1518 2160 temerehoc
1545 2107 1723 2160 fecerit
1749 2109 1800 2160 et
1824 2109 2020 2160 instru-

39 2226 42 2242 1
139 2190 272 2244 xisse
296 2208 360 2243 ne
380 2191 505 2258 quid
527 2193 634 2245 tale
655 2192 717 2245 de
737 2194 902 2246 cetero
930 2193 1114 2246 faciat:
1142 2209 1320 2260 pacem
1346 2194 1522 2245 tamen
1545 2193 2019 2260 quomodocumque

143 2291 174 2329 a
198 2277 459 2330 sacerdote
484 2278 582 2330 Dei
617 2280 777 2331 semel
811 2279 987 2332 datam
1022 2294 1122 2331 non
1157 2279 1460 2346 putauimus
1488 2278 1821 2331 auferendam
1847 2295 1905 2331 ac
1929 2295 2020 2347 per

85 2379 129 2413 20
143 2360 238 2415 hoc
287 2362 487 2415 Victori
543 2364 1058 2417 communicationem
1119 2364 1220 2416 sibi
1270 2379 1561 2416 concessam
1611 2379 1857 2431 usurpare
1905 2380 2019 2431 per-

143 2462 398 2500 misimus

233 2647 262 2690 2
282 2647 498 2705 corripere
521 2649 560 2694 S
728 2663 808 2692 sua
828 2651 873 2692 et
893 2622 1130 2692 maiestate
1151 2662 1234 2692 om.
1257 2648 1303 2692 R
1476 2649 1522 2690 et
1542 2660 1623 2690 om.
1650 2647 1688 2690 S
1849 2648 2022 2705 ueniress

67 2763 84 2775 Ι
147 2718 315 2763 desinit
342 2718 379 2764 Ο
577 2722 605 2764 3
625 2733 703 2764 nos
724 2723 873 2764 tenere
894 2734 949 2764 ex
968 2722 1172 2764 nosterne
1191 2719 1228 2763 S
1245 2734 1301 2763 m.
1324 2721 1357 2762 2
1552 2718 1723 2775 docuit]
1745 2719 1898 2762 nocuit
1918 2719 1965 2763 R

145 2788 175 2833 4
193 2791 298 2846 opto
322 2824 360 2834 ..
379 2823 389 2833 .
414 2792 563 2835 ualere
594 2805 676 2836 om.
700 2792 749 2837 S.
778 2818 833 2824 —-
864 2792 1029 2836 Caecili
1050 2791 1264 2848 Cypriani
1294 2790 1352 2834 ad
1372 2790 1617 2836 Caecilium
1645 2789 1716 2844 (de
1747 2792 2022 2834 sacramento

147 2861 300 2905 calicis
330 2861 541 2907 dominici
572 2863 680 2908 add.
708 2864 763 2921 Q)
784 2864 966 2920 explicit
987 2863 1077 2920 ΒΩ,
1108 2864 1175 2907 De
1196 2862 1410 2919 (Explicit
1440 2861 1496 2905 ad
1518 2861 1762 2906 Caecilium
1791 2862 1844 2906 de
1863 2863 1920 2914 P,
1952 2862 2024 2906 Ad

147 2931 391 2977 Caecilium
429 2933 483 2977 de
511 2935 575 2992 R)
611 2936 883 2979 sacramento
924 2934 1138 2979 dominici
1180 2933 1331 2978 calicis
1367 2935 1467 2989 (om.
1499 2933 1563 2990 R)
1604 2932 1788 2989 explicit
1829 2935 1930 2989 (om.
1961 2935 2024 2991 P)

147 3003 237 3047 LP
283 3036 293 3047 .
315 3029 371 3036 —-

232 3004 375 3133 gpist.
386 3076 577 3121 LXIIH.
590 3077 822 3139 —Incipit
838 3077 894 3122 ad
908 3078 1069 3122 Fidum
1084 3077 1137 3122 de
1155 3077 1408 3122 infantibus
1423 3075 1705 3132 baptizandis
1725 3076 1853 3120 GLP
1860 3075 1956 3132 QR.
1967 3100 2023 3108 —

149 3146 174 3189 7
196 3147 342 3191 salute
361 3147 477 3194 L¹R
647 3150 674 3194 9
695 3149 915 3206 quondam
943 3149 1321 3206 G²LMPQ¹RV‚
1346 3146 1538 3204 quodam
1567 3146 1636 3203 9²,
1661 3146 1883 3202 quandam
1911 3147 1966 3191 Ο*

148 3218 191 3262 ei
211 3232 268 3263 ex
288 3220 334 3262 et
353 3219 416 3284 M
432 3219 493 3274 (ei
521 3219 589 3277 Q),
612 3222 657 3264 et
675 3221 788 3266 PR¹
947 3221 1004 3265 10
1024 3221 1265 3277 deliquerit
1291 3221 1328 3265 G
1483 3218 1536 3260 11
1559 3219 1725 3260 temere
1746 3230 1829 3260 om.
1858 3216 1968 3262 GRv

146 3290 343 3346 terapios
365 3291 431 3335 12¹
625 3305 811 3349 propera
831 3293 878 3338 R
1079 3292 1136 3336 14
1155 3295 1201 3336 et
1220 3292 1333 3348 sine]
1356 3291 1451 3333 sine
1479 3288 1559 3333 GR
1761 3287 1816 3331 15
1835 3291 2026 3345 urgente

20 3402 21 3405 ,
148 3373 231 3427 om.
259 3362 341 3407 GR
512 3424 515 3435 Ι
539 3363 597 3421 ei]
630 3365 676 3407 et
706 3377 808 3421 exp.
838 3365 876 3410 C
1072 3365 1127 3408 16
1154 3363 1346 3408 liberato
1371 3362 1406 3404 Ο
1604 3358 1657 3402 17
1679 3359 1902 3414 terapium
1929 3359 1968 3416 Q

19 3430 30 3438 ‘'
56 3456 58 3459 v
149 3433 196 3476 et
215 3446 297 3478 om.
327 3434 365 3479 Ο
582 3434 637 3479 19
658 3448 684 3479 a
704 3436 944 3493 sacerdote]
977 3435 1196 3480 sacerdoti
1216 3435 1262 3478 L
1480 3430 1631 3487 semel]
1663 3430 1780 3485 apud
1800 3443 1901 3487 emp.
1931 3431 1969 3476 O

147 3503 416 3548 offerendam
445 3505 501 3550 0¹
674 3507 740 3564 ac]
765 3507 848 3551 hac
868 3507 980 3564 L¹Q
1149 3507 1207 3551 20
1226 3504 1415 3549 uictoria
1441 3502 1498 3547 0¹
1597 3558 1602 3564 ι
1669 3501 1956 3557 promisimus
1978 3504 2024 3548 L
