2332 3978
774 273 847 316 De
877 271 1056 327 lapsis
1088 285 1122 315 c.
1154 273 1336 317 22-26.
1894 276 1999 330 255

189 406 464 459 Praesente
505 421 563 457 ac
606 404 738 456 teste
763 416 846 454 me
889 401 999 468 ipso
1047 401 1264 468 accipite
1308 403 1431 468 quid
1479 405 1721 459 euenerit.
1763 406 1999 473 parentes
2017 403 2083 454 25

118 492 248 546 forte
291 490 547 559 fugientes
592 489 714 541 dum
759 486 950 555 trepidi
994 486 1164 539 minus
1204 487 1498 553 consulunt,
1539 490 1632 542 sub
1657 490 1874 544 nutricis
1900 489 1998 542 ali—

117 578 287 631 mento
326 575 599 644 paruulam
636 574 801 637 filiam
838 572 1168 639 reliquerunt.
1218 572 1456 626 relictam
1492 575 1668 627 nutrix
1704 575 1895 629 detulit
1932 576 1998 628 ad

117 662 468 731 magistratus
509 660 619 714 illic
655 660 701 713 ei
740 660 866 727 aput
905 658 1105 712 idolum
1143 673 1241 725 quo
1267 659 1485 726 populus
1512 660 1824 726 confluebat,
1864 662 1999 728 quod

60 759 79 791 ὁ
117 763 318 801 carnem
344 747 558 800 necdum
588 747 762 814 posset
789 744 936 798 edere
961 759 1052 811 per
1076 744 1329 807 aetatem,
1368 760 1555 812 panem
1591 761 1730 799 mero
1756 747 1995 812 mixtum,

117 833 250 900 quod
276 834 450 885 tamen
477 834 528 885 et
552 832 725 900 ipsum
751 831 812 883 de
837 830 1190 883 immolatione
1217 830 1544 898 pereuntium
1570 835 1859 899 supererat,
1887 835 1996 886 tra-

116 918 369 970 diderunt.
408 918 600 985 recepit
642 917 807 969 filiam
853 915 1183 984 postmodum
1227 918 1407 968 mater.
1449 917 1536 969 sed
1580 916 1779 970 facinus
1823 919 1998 986 puella

116 1005 446 1058 commissum
483 1006 595 1057 tam
632 1004 772 1071 loqui
811 1005 862 1056 et
898 1003 1122 1056 indicare
1160 1018 1260 1056 non
1297 1003 1468 1071 potuit
1494 1020 1649 1071 quam
1674 1019 1766 1057 nec
1791 1004 1997 1058 intelle-

117 1105 234 1160 gere
259 1090 400 1158 prius
427 1091 598 1158 potuit
622 1105 713 1142 nec
739 1104 921 1142 arcere.
961 1090 1281 1158 ignoratione
1306 1089 1470 1158 igitur
1496 1090 1769 1157 obreptum
1794 1092 1897 1156 est,
1937 1093 1997 1144 ut

56 1195 99 1228 ιο
116 1175 519 1229 sacrificantibus
544 1175 690 1228 nobis
726 1191 840 1228 eam
875 1190 1049 1228 secum
1082 1177 1249 1228 mater
1281 1175 1507 1228 inferret.
1549 1176 1635 1229 sed
1662 1177 1799 1229 enim
1823 1177 1997 1244 puella

115 1261 279 1314 mixta
305 1277 422 1314 cum
448 1262 637 1314 sanctis
663 1261 826 1329 precis
861 1262 1064 1314 nostrae
1091 1263 1142 1314 et
1169 1261 1413 1314 orationis
1439 1262 1695 1330 inpatiens
1721 1278 1854 1315 nunc
1879 1263 1992 1331 plo-

113 1349 231 1400 ratu
258 1346 485 1411 concuti,
524 1363 658 1400 nunc
683 1346 873 1400 mentis
900 1349 1047 1399 aestu
1072 1347 1442 1400 fluctuabunda
1467 1348 1675 1413 iactari,
1716 1350 1860 1402 uelut
1886 1351 1994 1402 tor-

112 1434 221 1485 tore
248 1433 460 1500 cogente
487 1431 671 1498 quibus
697 1433 901 1499 poterat
926 1432 1131 1486 indiciis
1167 1433 1533 1487 conscientiam
1559 1433 1686 1487 facti
1711 1435 1765 1487 in
1791 1436 1996 1503 simpli-

114 1518 256 1571 cibus
303 1517 470 1570 adhuc
516 1518 660 1570 annis
701 1518 842 1570 rudis
879 1518 1052 1571 anima
1078 1517 1356 1572 fatebatur.
1397 1519 1485 1571 ubi
1511 1535 1631 1573 uero
1659 1521 1995 1574 sollemnibus

54 1621 95 1654 15
113 1603 387 1671 adinpletis
415 1603 626 1656 calicem
652 1603 894 1657 diaconus
939 1604 1117 1658 offerre
1151 1605 1504 1672 praesentibus
1550 1607 1716 1674 coepit
1762 1609 1814 1659 et
1859 1607 1994 1660 acci-

26 1743 28 1745 .
111 1689 371 1757 pientibus
417 1688 597 1742 ceteris
641 1690 782 1742 10665
823 1691 931 1743 6165
977 1691 1210 1756 aduenit,
1251 1691 1436 1744 faciem
1477 1707 1624 1745 suam
1658 1693 1876 1760 paruula
1912 1694 1994 1745 in-

113 1775 306 1829 stinctu
345 1776 548 1828 diuinae
587 1775 878 1829 maiestatis
917 1779 1171 1841 auertere,
1211 1792 1266 1830 os
1302 1778 1456 1831 labiis
1484 1778 1855 1831 obdurantibus
1881 1795 1995 1847 pre-

111 1877 275 1925 mere,
316 1862 528 1915 calicem
554 1878 800 1916 recusare.
841 1863 1073 1930 perstitit
1117 1865 1289 1917 tamen
1336 1864 1577 1916 diaconus
1622 1866 1674 1917 et
1717 1865 1995 1918 reluctanti

110 1945 233 1999 licet
261 1946 321 1998 de
347 1949 663 2001 sacramento
690 1947 863 2001 calicis
889 1948 1096 2001 infudit.
1136 1951 1259 2002 tunc
1285 1949 1517 2016 sequitur
1542 1950 1799 2018 singultus
1826 1952 1877 2003 et
1903 1967 1995 2003 uo-

56 2031 288 2086 60161165.
328 2032 382 2084 16
420 2049 624 2101 corpore
662 2034 827 2100 adque
865 2049 948 2086 ore
986 2034 1180 2087 uiolato
1219 2034 1529 2087 eucharistia
1566 2051 1862 2102 permanere
1895 2052 1995 2088 non

114 2117 314 2185 potuit,
353 2118 705 2172 sanctificatus
732 2119 786 2171 in
811 2120 1021 2172 Domini
1048 2121 1295 2190 sanguine
1342 2123 1494 2188 potus
1542 2121 1601 2173 de
1645 2123 1860 2189 pollutis
1906 2123 1987 2174 ui-

112 2203 339 2256 sceribus
366 2204 551 2271 erupit.
590 2206 739 2258 tanta
778 2207 856 2258 est
899 2207 1129 2273 potestas
1154 2207 1390 2271 Domini,
1429 2208 1577 2260 tanta
1602 2208 1870 2261 maiestas:
1911 2223 1989 2261 se-

113 2289 251 2340 creta
275 2289 601 2342 tenebrarum
629 2290 722 2343 sub
750 2291 858 2343 eius
884 2291 999 2345 luce
1026 2292 1229 2345 detecta
1255 2295 1399 2357 sunt,
1437 2293 1753 2346 sacerdotem
1779 2294 1876 2346 Dei
1903 2310 1994 2347 666

114 2373 315 2426 0666116
341 2374 556 2427 crimina
581 2375 888 2430 fefellerunt.

57 2477 97 2511 25
185 2458 296 2511 Hoc
322 2459 458 2512 circa
482 2460 733 2514 infantem
758 2478 886 2528 quae
912 2463 978 2515 ad
996 2463 1306 2530 loquendum
1327 2465 1552 2517 alienum
1575 2466 1708 2519 circa
1730 2483 1781 2519 se
1802 2467 1994 2520 crimen
2017 2468 2084 2520 26

113 2544 331 2596 necdum
373 2544 557 2598 habuit
601 2548 843 2600 aetatem.
882 2550 937 2601 at
982 2565 1102 2602 uero
1147 2565 1205 2602 ea
1246 2565 1374 2617 quae
1401 2552 1570 2604 aetate
1595 2555 1838 2619 prouecta
1863 2554 1995 2606 etin

36 2659 37 2662 =
115 2629 258 2682 annis
286 2629 629 2685 adultioribus
657 2633 938 2686 constituta
964 2634 1369 2688 sacrificantibus
1395 2636 1618 2691 latenter
1643 2638 1869 2706 obrepsit
1892 2656 1993 2692 non

201 2784 226 2827 1
248 2785 439 2841 accepite
452 2787 491 2831 S
593 2789 620 2832 2
642 2788 847 2846 sugentes
863 2792 927 2836 W
1039 2792 1186 2834 minus
1204 2791 1292 2835 sibi
1309 2793 1422 2836 coni.
1446 2793 1686 2847 Cauchius,
1720 2796 1866 2839 minus
1902 2796 1994 2839 suis

122 2854 265 2900 Ooeo‘n.
354 2857 382 2901 3
401 2858 614 2905 relictaR
699 2862 728 2905 4
747 2863 1017 2919 magistratu
1039 2863 1077 2907 S
1096 2862 1134 2919 (⁰
1154 2877 1210 2907 m.
1232 2864 1283 2920 2)
1372 2864 1467 2909 illic
1487 2865 1528 2908 61
1547 2867 1726 2922 scripsi,
1742 2867 1815 2910 illi
1835 2867 1877 2910 61
1893 2869 1994 2920 Wv,

62 2957 64 2959 >
114 2926 210 2971 illic
219 2927 302 2972 SR
392 2929 579 2975 idolium
592 2933 638 2977 R
722 2933 854 2990 quod]
874 2935 1033 2990 quoW
1118 2935 1145 2978 6
1161 2935 1276 2991 quod
1290 2934 1336 2987 S,
1355 2948 1437 2991 quo
1449 2937 1508 2993 R,
1519 2938 1634 2981 illud
1652 2940 1708 2982 W
1788 2939 1993 2983 immula-

116 2998 235 3042 tione
253 2999 291 3043 S
393 3001 614 3046 tradidere
637 3005 781 3060 coepit
801 3006 847 3050 R
954 3007 977 3049 7
1001 3007 1092 3062 sed]
1115 3009 1161 3051 et
1183 3010 1247 3054 W
1352 3011 1380 3054 8
1400 3022 1479 3052 nec
1498 3010 1527 3052 i.
1549 3023 1589 3065 p.
1609 3010 1757 3066 potuit
1773 3024 1854 3055 om.
1875 3011 1912 3055 S

118 3070 332 3128 lleprecis
353 3086 409 3117 ex
429 3087 603 3129 praeces
620 3076 658 3120 S
664 3078 719 3119 W
733 3081 844 3131 m.2‚
868 3079 1128 3134 precibusR
1228 3084 1407 3126 nostrae
1427 3096 1509 3126 om.
1522 3083 1568 3127 R
1654 3082 1874 3127 orationes
1896 3084 1991 3135 W¹‚

117 3143 392 3188 orationibus
413 3146 460 3191 R
556 3148 610 3192 12
640 3151 766 3193 aestu
787 3151 930 3206 6061111
951 3166 976 3196 v
1063 3153 1223 3198 iactari
1244 3156 1289 3198 et
1308 3169 1335 3199 υ
1435 3155 1561 3198 1161111
1580 3156 1762 3211 tortore]
1785 3156 1856 3200 uel
1878 3156 1993 3199 ulto-

95 3226 207 3272 vrem
226 3215 272 3259 R
379 3217 433 3261 15
462 3231 643 3264 zaconus
666 3220 722 3265 S¹
830 3222 884 3266 16
914 3224 1148 3279 paruulam
1169 3225 1272 3270 RS¹
1380 3227 1432 3270 17
1465 3227 1680 3282 auertere]
1704 3240 1730 3269 a
1750 3239 1852 3270 uere
1873 3227 1911 3270 S

118 3283 430 3330 obturantibus
450 3304 477 3334 v
590 3292 646 3335 21
678 3294 939 3350 sanguinem
959 3295 1004 3340 R
1106 3296 1290 3352 pollutis
1313 3311 1395 3342 om.
1418 3297 1457 3342 S
1567 3298 1623 3341 22
1654 3299 1721 3340 651
1741 3311 1821 3342 om.
1850 3298 1914 3341 W

118 3358 174 3402 23
202 3360 435 3404 tenebrum
458 3361 512 3405 S¹
600 3349 692 3407 d‘ffi‘i
713 3363 751 3408 S
853 3365 911 3410 24
940 3365 1193 3411 fefellerunt
1213 3381 1270 3412 eae
1289 3368 1496 3412 fellerent
1518 3368 1555 3412 S
1572 3382 1627 3411 m.
1651 3371 1680 3411 2
1765 3368 1822 3411 25
1852 3368 1992 3425 alige-

118 3441 223 3473 num
243 3431 308 3476 W
323 3433 401 3475 sed
420 3446 451 3489 g
473 3433 667 3479 deletum
686 3449 742 3479 m.
759 3439 790 3480 2
905 3437 960 3482 26
991 3438 1047 3482 6(1
1069 3439 1125 3484 S¹
1232 3453 1327 3496 eaq.
1351 3441 1396 3485 R
1510 3440 1565 3483 27
1598 3439 1838 3483 altioribus
1861 3440 1906 3485 R

121 3501 471 3548 sacrificantibus
492 3506 619 3549 nobis
639 3521 665 3552 v
