2332 3978
0 0 682 44 “wssfflwsffiffiv
700 0 768 43 “su
786 14 798 25 ··
895 0 927 36 3
967 22 974 29 x
1012 0 1034 16 *
1086 0 1098 13 ²

162 45 174 52 ›·.
212 44 220 53 x*
308 47 310 50 *
374 51 375 54 ε
767 50 772 59 ⁸
915 39 920 46 ἱ

300 280 402 335 792
955 275 1198 324 Caecilii
1227 274 1498 335 Cypriani

289 424 441 476 quem
476 407 710 462 Christus
743 407 1025 462 Dominum
1062 408 1115 460 et
1147 408 1317 466 Deum
1359 424 1511 462 suum
1553 407 1757 472 dixerit,
1800 407 2181 465 remuneratus·

288 512 319 548 a
345 493 546 548 Christo
581 493 936 548 remissionem
970 494 1297 561 peccatorum
1331 494 1384 547 et
1416 493 1676 562 baptismi⁴
1702 493 2158 548 sanctificationem

288 580 631 648 consequitur.
659 595 760 648 qua
785 580 962 633 autem
986 581 1242 647 potestate
1267 580 1505 647 consequi
1528 579 1587 634 in
1611 579 1871 648 baptismo
1895 579 2160 633 remissio·—

288 683 407 720 nem
444 667 769 734 peccatorum
803 666 973 733 potest
997 681 1189 734 negans
1216 666 1383 718 Deum
1409 667 1689 720 creatorem
1715 665 1921 736 Christi,
1957 667 2159 735 quando

288 754 455 821 ipsam
499 753 810 820 potestatem
852 768 954 819 qua
996 752 1322 819 baptizamur
1358 753 1411 805 et
1449 752 1830 806 sanctificamur
1872 752 1935 806 ab
1979 753 2160 808 eodem
2179 773 2199 804 5

288 840 435 907 patre
462 837 697 891 Christus
722 838 990 905 acceperit,
1018 853 1172 904 quem
1196 838 1446 891 maiorem
1471 838 1676 903 dixerit,
1705 855 1735 892 a
1761 853 1859 906 quo
1886 839 2161 894 clarificari

288 925 512 992 petierit,
542 925 687 978 cuius
714 925 1037 977 uoluntatem
1063 939 1225 991 usque
1249 925 1314 976 ad
1340 925 1643 992 obsequium
1668 925 1878 979 bibendi
1903 925 2080 980 calicis
2106 927 2161 980 et

289 1012 584 1065 subeundae
619 1011 802 1063 mortis
838 1011 1151 1079 inpleuerit?
1187 1010 1310 1078 quid
1346 1011 1424 1063 est
1456 1011 1620 1080 igitur
1645 1012 1789 1065 aliud
1814 1028 1970 1079 quam
1995 1011 2162 1079 parti-

289 1097 455 1166 cipem
480 1097 749 1150 haereticis
776 1096 1255 1163 blasphemantibus
1281 1095 1392 1148 fieri
1418 1097 1686 1151 defendere
1707 1099 1840 1151 uelle
1860 1099 1912 1150 et
1934 1099 2166 1152 adserere

289 1184 423 1251 quod
465 1178 734 1236 remiss'am
777 1184 1103 1250 peccatorum
1147 1183 1375 1250 accipere
1419 1183 1582 1250 possit
1623 1184 1679 1236 in
1724 1183 1915 1237 Christi
1957 1184 2163 1238 nomine
2179 1202 2223 1234 ιο

287 1271 647 1337 blasphemans
674 1270 901 1339 grauiter
928 1270 979 1322 et
1003 1285 1214 1338 peccans
1241 1271 1296 1322 in
1321 1272 1521 1337 patrem
1542 1272 1593 1324 et
1612 1271 1894 1323 Dominum
1921 1274 1973 1324 et
1994 1272 2164 1324 Deum

289 1356 518 1410 Christi?
559 1357 684 1423 quid
721 1356 903 1408 deinde
939 1356 1075 1408 illud
1111 1356 1260 1423 quale
1297 1357 1374 1409 est
1400 1358 1458 1409 ut
1484 1357 1573 1424 qui
1608 1357 1777 1410 filium
1811 1360 1968 1426 negat
2004 1373 2168 1424 neque

288 1444 491 1511 patrem
525 1442 728 1507 habeat,
775 1442 863 1509 qui
899 1443 1102 1509 patrem
1135 1444 1290 1512 negat
1326 1443 1494 1495 filium
1530 1443 1716 1496 habere
1750 1443 2004 1505 uideatur,
2044 1460 2164 1496 cum

291 1530 432 1583 filius
457 1532 567 1597 ipse
595 1530 908 1583 contestetur
933 1530 984 1582 et
1011 1530 1172 1582 dicat:
1212 1545 1389 1582 nemo
1426 1531 1640 1598 potest
1678 1531 1898 1583 uenire
1937 1531 2010 1583 ad
2046 1546 2164 1598 me,

288 1617 420 1670 nisi
458 1617 664 1669 fuerit
703 1617 922 1668 datum
960 1616 1068 1668 1111
1105 1632 1134 1668 a
1158 1617 1378 1683 patre?
1416 1619 1475 1669 ut
1501 1616 1836 1669 manifestum
1863 1616 1933 1686 sit
1958 1617 2158 1669 nullam
2177 1631 2219 1662 1⁵

288 1703 641 1756 remissionem
683 1702 1010 1769 peccatorum
1048 1703 1102 1754 in
1137 1703 1395 1771 baptismo
1435 1703 1597 1770 accipi
1624 1719 1653 1755 a
1678 1702 1785 1754 filio
1824 1717 1969 1769 posse
2009 1718 2166 1769 quam

288 1790 486 1843 constet
519 1791 722 1856 patrem
748 1805 846 1841 non
874 1789 1089 1853 dedisse,
1128 1789 1352 1842 maxime
1378 1790 1580 1856 quando
1608 1789 1774 1842 adhuc
1799 1789 1937 1842 idem
1963 1789 2164 1855 repetat

289 1876 340 1928 et
366 1876 528 1928 dicat:
570 1876 770 1928 omnis
797 1875 1131 1943 plantatio
1166 1892 1351 1942 quam
1387 1891 1505 1928 non
1541 1876 1948 1943 plantauerit
1984 1877 2173 1943 pater

289 1979 466 2015 meus
506 1962 819 2014 caelestis
860 1962 1324 2014 eradicabitur.

211 2062 273 2112 19
360 2047 507 2113 Quod
545 2050 588 2100 si
616 2047 808 2100 Christi
849 2048 1090 2114 discipuli
1129 2049 1321 2101 discere
1359 2065 1418 2101 ex
1445 2048 1645 2101 Christo
1684 2049 1865 2101 nolunt
1905 2051 2158 2116 quantum
2175 2062 2222 2095 2⁰

289 2135 634 2188 uenerationis
663 2136 714 2187 et
739 2135 942 2186 honoris
968 2137 1178 2202 paterno
1204 2135 1399 2187 nomini
1426 2136 1698 2203 debeatur,
1717 2136 1801 2188 uel
1828 2137 1889 2188 de
1917 2134 2165 2202 exemplis

462 2322 518 2365 14
547 2322 612 2364 Io.
645 2323 684 2374 6,
717 2322 785 2365 65.
905 2322 960 2365 18
989 2321 1154 2366 Matth.
1190 2323 1255 2374 15,
1290 2322 1357 2365 13.

377 2479 402 2521 1
425 2479 644 2522 christum
667 2479 808 2523 LNP
972 2479 1213 2536 dominum]
1238 2466 1345 2522 dffi‘
1346 2480 1389 2522 L
1549 2482 1592 2522 et
1615 2492 1696 2523 om.
1726 2480 1766 2522 T
1921 2490 2167 2520 remunera-

289 2552 363 2594 tus
391 2552 431 2594 T
449 2564 541 2593 rem
562 2552 615 2594 in
636 2565 743 2606 ras„
766 2553 1083 2594 rememoratus
1106 2551 1151 2594 Β
1340 2552 1367 2594 2
1389 2551 1549 2594 christi
1571 2551 1616 2594 Β
1788 2551 1815 2594 3
1837 2550 1939 2606 qua]
1966 2550 2042 2604 qui
2065 2549 2110 2592 Β

289 2623 559 2678 potestatem
588 2623 641 2667 Ο·
658 2624 699 2667 T
706 2627 735 2675 ¹,
758 2625 908 2678 potest
930 2623 975 2666 Β
1071 2610 1081 2618 ’
1177 2623 1224 2665 111
1246 2624 1547 2666 remissionem
1577 2623 1614 2666 C
1818 2622 1847 2664 4
1868 2624 2023 2678 potens
2047 2621 2101 2664 0¹

291 2694 552 2738 creditorem
581 2694 618 2738 G
626 2699 635 2721 ¹
861 2695 1082 2739 christum
1104 2694 1259 2738 BLT¹
1486 2694 1513 2737 5
1534 2694 1634 2749 qua]
1660 2693 1737 2749 qui
1759 2693 1803 2736 L
2019 2691 2169 2748 bapti-

291 2781 440 2810 zamus
468 2768 525 2809 T¹
709 2767 1054 2823 sanctificamur]
1078 2767 1474 2810 sanctificationem
1503 2766 1563 2809 00
1733 2767 1760 2809 6
1781 2764 2082 2808 clarifica**1·i*
2109 2764 2166 2815 Τ,

291 2839 532 2883 clarificare
562 2839 615 2883 0¹
784 2840 808 2881 7
832 2839 1014 2882 uiuendi
1037 2840 1081 2882 Β
1240 2839 1267 2882 8
1289 2838 1540 2881 subeundae
1562 2851 1618 2881 ex
1640 2837 1875 2880 secundum
1897 2836 2048 2879 eodem
2078 2835 2116 2879 0

292 2925 426 2967 quam
448 2925 503 2955 em
523 2912 600 2966 qui
627 2912 674 2963 (J,
696 2925 828 2966 quam
850 2911 1043 2966 aliquem
1064 2911 1106 2953 Β
1325 2911 1352 2953 9
1374 2911 1512 2953 uellet
1535 2911 1579 2953 P
1792 2907 1847 2951 10
1867 2907 2053 2951 remissa
2075 2908 2121 2951 P

292 2983 340 3026 in
371 2983 530 3027 christi
560 2983 735 3026 nomine
764 2982 908 3038 possit
932 2997 959 3027 υ
1218 2983 1271 3025 11
1292 2982 1578 3037 blasphemas
1603 2982 1648 3024 P
1903 2982 2079 3036 patrem
2108 2978 2171 3035 et]

291 3055 465 3111 patrem
487 3055 556 3108 B;
578 3054 686 3106 fort.
709 3055 883 3109 patrem
905 3053 950 3096 id
972 3056 1039 3096 est
1170 3055 1216 3096 et
1236 3067 1317 3097 om.
1342 3053 1457 3108 BP;
1481 3053 1674 3096 et-deum
1697 3065 1779 3095 om.
1806 3051 1847 3094 T
1979 3051 2032 3095 12
2053 3050 2169 3094 chri·

293 3128 412 3169 stum
434 3126 575 3170 LNP
773 3125 931 3181 filium]
955 3125 1098 3168 filium
1119 3124 1191 3167 dei
1217 3127 1281 3169 Tv
1489 3124 1543 3167 13
1564 3124 1657 3180 (1111]
1684 3126 1730 3166 et
1749 3124 1827 3179 qui
1847 3137 1884 3176 v,
1907 3122 1985 3179 qui
2006 3124 2052 3166 et
2073 3123 2119 3167 B

292 3199 428 3253 negat
449 3199 621 3253 patrem
644 3197 680 3241 C
834 3197 888 3239 14
908 3198 1186 3240 contestatur
1209 3196 1293 3240 CT
1300 3201 1309 3223 ¹
1472 3196 1527 3240 15
1548 3195 1693 3239 fuerat
1715 3195 1751 3239 C
1762 3200 1769 3222 ¹
1927 3195 1999 3239 illi
2019 3194 2175 3238 datum

294 3271 404 3316 BOv
609 3283 613 3287 ·
642 3271 695 3314 16
716 3269 764 3312 111
787 3269 1011 3326 baptismo
1032 3269 1173 3325 accipi
1194 3282 1221 3312 a
1241 3268 1333 3312 filio
1359 3270 1401 3313 T
1417 3269 1468 3312 in
1486 3280 1624 3325 mary.
1646 3268 1700 3311 in
1720 3281 1809 3311 ras.
2050 3279 2176 3322 posse

294 3356 320 3385 a
340 3342 433 3385 filio
455 3343 501 3385 P
690 3342 743 3385 17
765 3340 963 3385 dedisset
984 3340 1022 3385 G
1205 3340 1324 3384 idem
1344 3353 1426 3384 om.
1451 3339 1487 3384 Ο
1678 3339 1733 3382 18
1752 3338 1979 3395 plantauit
2002 3338 2120 3381 BLv

296 3415 349 3458 19
371 3414 575 3458 caelestis
595 3427 677 3458 om.
702 3414 746 3457 L
969 3413 1028 3457 20
1047 3412 1206 3456 christi
1225 3411 1455 3469 discipuli]
1476 3410 1714 3454 christiani
1735 3410 1773 3454 G
1992 3408 2174 3463 discere]

294 3485 450 3529 ducere
471 3486 528 3537 L,
550 3484 771 3529 discedere
792 3485 838 3529 B
1037 3484 1105 3541 ex]
1128 3497 1154 3527 a
1176 3484 1282 3528 Bov
1471 3483 1630 3527 nolunt
1650 3496 1733 3527 om.
1756 3482 1793 3526 Ο
1990 3481 2044 3524 21
2066 3479 2178 3523 bono

296 3558 358 3600 ris
378 3556 681 3613 paternomine
703 3557 757 3602 Ο·
939 3555 993 3599 (16
1012 3569 1095 3601 om.
1122 3556 1165 3599 T
