2332 3978
493 291 566 336 De
598 291 930 336 catholicae·
952 292 1226 337 ecclesiae
1256 295 1481 338 unitate
1513 308 1546 338 c.
1580 294 1714 341 7—9.
1917 295 2023 348 217

47 431 50 434 ’
131 420 337 474 11100111
373 421 440 473 111
471 420 866 486 dilectione,
906 423 1075 476 satis
1114 422 1388 491 agentes
1416 438 1670 477 seruare
1696 424 2019 477 unitatem

130 506 411 575 spiritus
448 506 512 559 in
550 506 1026 562 coniunctione
1063 509 1261 576 pacis
1304 509 1440 562 stare
1476 510 1536 562 tu
1574 510 1626 562 et
1661 510 1834 564 uiuere
1869 511 2020 577 putas

131 606 277 659 posse
302 592 364 644 de
391 592 603 645 ecclesia
629 593 967 660 recedentem,
996 595 1138 648 sedes
1166 594 1267 647 sibi
1292 593 1420 647 alias
1448 595 1499 647 et
1526 594 1730 648 diuersa
1754 595 2021 648 domicilia

132 677 459 731 condentem?
499 692 617 730 cum
645 678 845 732 dictum
887 679 958 733 sit
996 680 1067 733 'ad
1094 680 1176 733 Rh
1186 680 1311 746 aab,
1356 679 1411 733 in
1454 695 1555 748 qua
1577 680 2022 748 praeformabatur

70 783 94 816 τ»
132 763 368 818 ecclesia:
408 765 664 833 patrem
689 765 876 819 tuum
902 767 963 819 et
987 768 1258 820 matrem
1283 768 1463 820 tuam
1499 767 1565 820 et
1599 765 1840 820 fratres
1875 767 2020 821 tuos

132 849 445 903 ettotam
482 850 731 904 domum
767 853 983 919 patris
1035 853 1137 906 tui
1175 853 1457 922 colliges
1495 852 1569 906 ad
1607 853 1671 906 te
1708 853 1915 922 ipsam
1952 853 2020 906 in

132 935 382 988 domum
419 936 616 1002 tuam,
675 938 738 990 et
776 938 910 992 erit
958 939 1165 992 omnis
1214 939 1321 1007 qui
1360 939 1602 993 exierit
1641 939 1882 993 ostium
1919 940 2020 992 do-

131 1036 264 1073 mus
302 1022 449 1074 tuae
485 1022 688 1088 foraS,
745 1040 891 1077 reus
938 1025 1067 1078 sibi
1115 1025 1274 1091 erit,
1333 1026 1463 1079 item
1507 1026 1888 1079 sacramentum
1915 1025 2019 1078 Pa-

132 1106 281 1160 schae
305 1107 438 1161 nihil
463 1108 605 1161 aliud
630 1110 687 1161 in
711 1110 874 1162 Exodi
900 1111 1015 1180 lege
1041 1111 1299 1164 contineat
1337 1127 1495 1179 quam
1539 1112 1599 1164 ut
1644 1126 1806 1180 agnus
1852 1111 1940 1178 qui
1966 1111 2022 1164 111

73 1203 116 1237 ιο
132 1191 298 1261 figura
318 1192 509 1247 Christi
530 1195 781 1249 occiditur
800 1196 855 1248 in
875 1196 1026 1252 domo
1048 1214 1151 1251 una
1172 1198 1369 1251 edatur.
1409 1198 1641 1265 loquitur
1662 1198 1800 1250 Deus
1823 1197 2018 1250 dicens:

132 1279 197 1332 in
235 1281 414 1334 domo
452 1298 572 1335 11113
610 1283 1013 1349 comedetur,
1075 1299 1194 1337 non
1233 1284 1502 1338 eicietis
1552 1285 1624 1337 de
1662 1284 1845 1337 domo
1884 1299 2016 1336 car-

35 1398 40 1402 ·
131 1381 267 1418 nem
304 1366 491 1420 foras
534 1383 647 1421 caro
686 1367 880 1422 Christi
918 1372 969 1422 et
1008 1371 1245 1426 sanctum
1273 1371 1483 1425 Domini
1522 1370 1617 1423 eici
1643 1369 1779 1423 foras
1805 1384 1905 1422 non
1929 1384 2022 1436 po-

132 1451 236 1504 test
259 1468 353 1505 nec
379 1453 482 1506 alia
507 1454 616 1507 ulla
643 1455 968 1508 credentibus
994 1458 1198 1523 praeter
1222 1473 1380 1509 unam
1421 1457 1689 1509 ecclesiam
1716 1456 1898 1510 domus
1926 1457 2020 1509 est.

133 1537 263 1590 hanc
289 1538 525 1603 domum,
563 1539 658 1592 hoc
683 1541 1045 1595 unanimitatis
1072 1543 1357 1611 hospitium
1394 1543 1631 1612 designat
1667 1544 1719 1596 et
1753 1542 2024 1595 denuntiat

40 1625 45 1628 ’
77 1633 119 1666 1⁵
137 1622 359 1691 Spiritus
404 1627 609 1679 sanctus
654 1627 708 1679 in
750 1628 966 1696 psalmis
1020 1628 1219 1682 dicens:
1282 1630 1448 1682 Deus
1497 1629 1604 1696 qui
1641 1629 2023 1683 inhabitare

135 1708 312 1763 facit
349 1712 694 1765 unanimes
734 1713 797 1766 in
836 1713 1031 1767 domo.
1073 1715 1127 1767 in
1155 1716 1304 1768 domo
1330 1716 1458 1779 Dei,
1498 1715 1552 1767 in
1579 1715 1791 1768 ecclesia
1830 1715 2023 1769 Christi

138 1797 404 1850 unanimes
430 1798 692 1866 habitant,
733 1800 1003 1853 concordes
1030 1802 1082 1853 et
1110 1801 1369 1868 simplices
1395 1802 1741 1869 perseuerant.

208 1882 408 1937 Idcirco
436 1885 487 1937 et
512 1884 830 1938 incolumba
856 1887 1000 1939 uenit
1043 1886 1265 1954 Spiritus
1304 1888 1536 1940 sanctus:
1577 1887 1794 1954 simplex
1832 1886 2075 1944 animali}

137 1970 189 2022 et
213 1969 409 2023 laetum
447 1971 548 2036 est,
587 1988 686 2025 non
732 1971 852 2025 felle
897 1989 1160 2037 amarum,
1199 1989 1299 2026 non
1344 1973 1603 2026 morsibus
1649 1989 1886 2036 saeuum,
1925 1987 2025 2025 non

73 2071 120 2105 20
134 2056 390 2124 unguium
413 2057 718 2111 laceratione
744 2059 1056 2124 uiolentum,
1097 2060 1323 2126 hospitia
1347 2060 1572 2112 humana
1598 2059 1842 2127 diligere,
1871 2058 2023 2111 unius

135 2141 315 2195 domus
343 2143 652 2196 consortium
689 2158 861 2209 nosse,
904 2161 1022 2197 cum
1059 2147 1304 2214 generant
1341 2146 1499 2198 simul
1525 2145 1659 2197 filios
1687 2145 1860 2209 edere,
1902 2161 2021 2197 cum

134 2229 422 2281 commeant
458 2229 719 2283 uolatibus
757 2230 982 2283 inuicem
1011 2231 1304 2295 cohaerere,
1347 2231 1607 2284 communi
1635 2230 2018 2283 conuersatione

133 2312 300 2366 uitam
325 2329 472 2367 suam
498 2315 705 2384 degere,
746 2316 848 2368 oris
875 2317 1046 2369 osculo
1075 2317 1398 2369 concordiam
1425 2317 1567 2384 pacis
1603 2331 1902 2385 agnoscere,
1943 2315 2020 2367 le-

138 2415 257 2468 gem
295 2400 428 2453 circa
465 2402 637 2455 omnia
675 2402 1039 2456 unanimitatis
1078 2403 1286 2470 inplere.
1326 2404 1449 2456 haec
1495 2403 1571 2455 est
1608 2403 1662 2455 in
1688 2402 1901 2455 ecclesia
1927 2416 2019 2453 no-

70 2503 115 2536 25
131 2486 316 2539 scenda
341 2487 649 2554 simplicitas
669 2529 681 2552 ,
721 2488 846 2542 haec
884 2489 1068 2542 caritas
1095 2489 1397 2551 obtinenda,
1437 2489 1498 2540 ut
1524 2488 1785 2540 columbas
1813 2487 2020 2540 dilectio

28 2555 33 2567 ’
132 2574 469 2628 fraternitatis
495 2574 760 2640 imitetur,
800 2576 861 2627 ut
886 2575 1226 2628 mansuetudo
1266 2576 1317 2627 et
1355 2575 1541 2627 lenitas
1580 2574 1728 2642 agnis
1756 2574 1807 2626 et
1834 2573 2019 2627 ouibus

130 2661 389 2729 aequetur.
431 2661 555 2728 quid
592 2660 720 2714 facit
758 2661 812 2713 in
838 2662 1047 2728 pectore
1076 2661 1359 2714 christiano
1385 2661 1625 2728 luporum
1652 2659 1831 2712 feritas
1858 2659 1910 2712 et
1936 2675 2022 2712 ca-

299 2817 326 2861 5
356 2817 443 2861 Ios.
467 2817 507 2870 2,
531 2817 586 2860 18
608 2830 672 2874 sq.
763 2818 816 2861 11
849 2818 924 2862 Ex.
949 2819 1017 2874 12,
1040 2818 1110 2862 46.
1203 2818 1259 2861 15
1290 2818 1363 2861 Ps.
1385 2816 1454 2870 67,
1480 2817 1520 2860 7.

152 2960 154 2962 ’
213 2963 242 3006 2
270 2962 338 3019 tu]
360 2963 408 3006 te
427 2961 495 3015 R,
527 2975 609 3007 om.
641 2962 684 3006 G
771 2962 799 3005 3
817 2961 938 3005 sedet
960 2962 1006 3007 R
1092 2962 1122 3005 4
1151 2962 1388 3006 condentes
1410 2961 1456 3006 R
1543 2960 1651 3004 raab
1679 2960 1847 3004 WGM
1919 2960 1947 3003 5
1977 2963 2023 3003 et

130 3034 257 3088 (ante
276 3034 400 3091 frat.)
421 3047 502 3078 om.
527 3034 573 3078 R
660 3034 687 3077 6
709 3033 779 3090 ad]
803 3036 849 3078 et
870 3035 930 3078 M
1014 3034 1162 3090 ipsum
1192 3033 1254 3077 G¹
1346 3035 1392 3076 in
1415 3034 1480 3078 W
1496 3047 1530 3077 s.
1553 3033 1580 3076 Z.
1603 3047 1660 3076 m.
1677 3035 1709 3076 2
1781 3032 1806 3075 7
1828 3031 1915 3075 erit
1937 3044 2019 3075 om-

133 3104 358 3149 Baluzius
473 3106 500 3149 9
532 3105 812 3149 contineatur
832 3106 893 3149 M
1006 3106 1062 3148 10
1092 3094 1174 3149 dns
1195 3105 1259 3149 M
1370 3105 1424 3147 11
1457 3106 1502 3147 et
1522 3117 1608 3147 non
1629 3104 1692 3146 M
1788 3103 1935 3146 eicitis
1965 3102 2021 3154 G,

134 3176 318 3221 cicietur
335 3177 396 3220 M
481 3190 654 3221 carnem
669 3177 722 3222 de
739 3177 863 3221 domo
880 3177 939 3234 R,
963 3190 1106 3222 caron
1127 3177 1180 3221 de
1200 3177 1325 3221 domo
1338 3177 1396 3220 M
1475 3177 1531 3220 14
1551 3175 1730 3220 domum
1745 3175 1860 3218 hanc
1878 3174 1943 3218 W
1991 3184 2000 3208 v

36 3239 38 3242 ’
127 3249 312 3291 nuntiat
330 3249 392 3292 M
550 3250 605 3293 15
635 3249 842 3305 spiritus.
863 3249 1099 3306 ..psalmis
1134 3262 1219 3293 om.
1241 3249 1287 3293 R
1462 3248 1516 3291 16
1546 3247 1595 3290 in
1629 3247 1757 3290 domo
1787 3259 1869 3289 om.
1892 3245 1937 3290 R

133 3317 188 3362 17
218 3319 469 3363 unianimes
489 3319 606 3364 RG¹
730 3320 995 3364 inhabitant
1023 3321 1104 3374 M,
1135 3320 1346 3363 habitent
1376 3319 1419 3363 G
1536 3318 1591 3361 18
1622 3318 1869 3361 columbam
1897 3317 1937 3359 V

133 3390 188 3434 19
209 3392 278 3434 est
299 3404 380 3435 om.
402 3406 429 3436 υ
516 3392 571 3435 21
591 3405 730 3448 super
752 3392 877 3436 edere
893 3393 956 3436 M
967 3407 1022 3436 m.
1041 3396 1092 3437 2:
1115 3393 1232 3435 alere
1310 3405 1410 3434 cum
1426 3390 1553 3446 (ante
1569 3390 1835 3443 commeant)
1856 3388 1964 3432 Ws.
1984 3389 2013 3432 l.

132 3474 190 3506 m.
207 3465 247 3514 2,
270 3475 352 3506 om.
376 3462 418 3506 G
503 3463 560 3506 22
582 3466 875 3508 comm**eunt
896 3465 960 3509 W
1034 3462 1299 3508 uolatilibus
1316 3463 1378 3506 M
1382 3462 1463 3507 W¹
1544 3461 1600 3504 23
1622 3473 1859 3518 agnuscere
1877 3460 1937 3504 M

134 3533 190 3576 25
219 3533 455 3578 dilectione
485 3534 547 3579 Gl
644 3536 698 3579 27
731 3530 975 3591 adequetur
1002 3535 1043 3580 G
