2332 3978
649 272 723 316 De
753 271 890 315 bono
920 269 1248 327 patientiae
1279 282 1314 314 c.
1348 270 1529 314 12-15,
1919 269 2025 324 407

146 406 298 473 nique
322 402 422 456 alio
448 401 503 455 in
527 401 636 454 loco
662 400 801 453 idem
828 399 1087 467 apostolus
1112 398 1277 451 iustos
1305 399 1357 451 et
1384 400 1649 466 operantes
1685 399 1737 452 et
1773 397 1835 452 de
1860 397 2028 452 diuini

147 489 363 545 faenoris
400 487 711 541 incremento
750 486 992 539 caelestes
1030 484 1131 537 sibi
1169 484 1439 538 thesauros
1477 484 1803 538 recondentes
1840 484 1900 536 ut
1935 499 2028 551 pa-

147 575 334 630 tientes
361 589 558 641 quoque
586 572 690 625 sint
715 571 931 624 instruit
969 572 1021 624 et
1059 570 1206 623 docet
1244 570 1441 622 dicens:
1499 585 1646 639 ergo
1686 570 1834 622 dum
1870 570 2037 623 tem-⁷

146 677 260 730 pus
306 659 639 723 habemus,
694 672 1025 725 operemur
1063 655 1225 724 quod
1273 656 1504 709 bonum
1543 656 1750 711 estad
1786 670 2027 721 omneS,

0 724 1 742 ἶ
93 767 112 801 5
147 746 418 801 maxime
455 759 603 798 uero
641 744 716 797 ad
755 743 1147 797 domesticos
1185 741 1368 796 fidei.
1411 742 1647 795 bonum
1684 743 1901 795 autem
1938 740 2028 796 fa-

8 2236 33 2294 1³1⁴:
0 1959 35 2213 νῶιῇᾘῗῂξ*
19 1856 22 1870 »ν
12 1834 28 1843 .;
7 1771 34 1816 :23
20 1653 22 1658 -

148 833 391 887 cientes
428 845 547 884 non
585 829 1000 884 deficiamus:
1029 830 1312 897 tempore
1351 828 1516 881 enim
1554 843 1663 881 suo
1701 829 2026 882 metemus.

147 919 388 972 admonet
413 932 475 970 ne
501 917 616 984 quis
643 916 901 985 inpatiens
927 916 981 968 in
1009 915 1302 984 operatione
1329 914 1560 979 deficiat,
1601 930 1666 967 ne
1704 915 1819 981 quis
1857 916 2029 983 temp-

146 1004 429 1058 tationibus
468 1004 558 1057 aut
596 1005 842 1056 auocatus
880 1003 972 1055 aut
1008 1002 1181 1055 uictus
1229 1002 1284 1054 in
1321 1000 1493 1054 medio
1531 999 1701 1053 laudis
1749 1001 1801 1053 et
1837 1001 2032 1069 gloriae

147 1092 329 1145 itinere
355 1090 574 1143 desistat
599 1090 650 1141 et
674 1089 884 1157 pereant
909 1088 1217 1157 praeterita,
1257 1087 1383 1140 dum
1421 1102 1547 1155 quae
1587 1087 1858 1155 coeperant
1895 1087 2031 1140 desi-

92 1196 134 1228 10
148 1178 278 1232 nunt
317 1192 424 1230 esse
469 1174 717 1243 perfecta,
772 1175 906 1229 sicut
946 1174 1198 1242 scriptum
1239 1174 1339 1227 est:
1400 1173 1674 1226 iustitia
1712 1173 1878 1227 iusti
1915 1189 2034 1227 non

148 1263 477 1318 liberabit
531 1278 666 1315 eum
735 1262 800 1315 in
856 1277 1258 1329 quocumque
1326 1260 1424 1314 die
1490 1260 1925 1337 exerrauerit,
1981 1262 2034 1314 et

147 1352 364 1405 iterum:
422 1350 571 1402 tene
610 1348 775 1416 quod
812 1348 1018 1401 habes
1064 1363 1138 1401 ne
1186 1347 1362 1401 alius
1401 1347 1695 1416 accipiat
1733 1361 2034 1400 coronam

148 1438 347 1490 tuam.
389 1451 517 1503 quae
561 1449 659 1488 uox
703 1434 1006 1487 adhortatur
1049 1433 1307 1502 patienter
1351 1434 1402 1487 et
1446 1433 1650 1487 fortiter
1692 1449 2032 1501 perseuerare,

150 1523 211 1575 ut
247 1521 337 1589 qui
374 1522 439 1574 ad
477 1536 714 1575 coronam
738 1520 892 1573 laude
918 1520 1025 1574 iam
1051 1519 1287 1588 proxima
1314 1519 1506 1573 nititur
1534 1520 1754 1573 durante
1778 1519 2035 1587 patientia

95 1633 136 1664 15
153 1609 435 1662 coronetur.

222 1694 484 1748 Patientia
509 1695 707 1759 autem,
749 1693 934 1747 fratres
961 1692 1318 1758 dilectissimi,
1346 1707 1446 1746 non
1473 1694 1681 1746 tantum
1706 1692 1839 1746 bona
1865 1694 2035 1747 custo·
2059 1690 2122 1744 14

152 1781 256 1846 dit,
297 1780 386 1835 sed
412 1782 463 1834 et
488 1780 694 1847 repellit
719 1780 950 1834 aduersa.
992 1778 1213 1848 Spiritui
1240 1781 1416 1833 sancto
1442 1779 1621 1833 fauens
1650 1780 1701 1833 et
1727 1779 2035 1834 caelestibus

150 1883 209 1921 ac
235 1867 426 1920 diuinis
454 1867 725 1920 cohaerens
752 1867 929 1920 contra
955 1866 1094 1920 facta
1120 1866 1287 1920 carnis
1314 1867 1366 1919 et
1392 1866 1614 1933 corporis
1641 1866 1827 1933 quibus
1863 1865 2037 1919 anima

151 1955 471 2022 expugnatur
498 1955 548 2006 et
575 1953 773 2020 capitur
799 1953 1060 2006 uirtutum
1087 1968 1297 2006 suarum
1321 1952 1707 2022 propugnaculo
1735 1952 2036 2005 reluctatur.

95 2058 137 2090 20
150 2039 488 2107 inspiciamus
516 2039 733 2107 denique
759 2055 922 2107 pauca
947 2039 1009 2092 de
1035 2039 1246 2103 multis,
1288 2040 1348 2092 ut
1375 2038 1436 2091 de
1461 2039 1639 2106 paucis
1665 2038 2039 2108 intellegantur

117 2166 121 2170 .
153 2128 204 2179 et
229 2128 409 2179 cetera.
464 2126 808 2191 adulterium,
851 2125 1018 2191 frauS,
1057 2125 1399 2179 homicidium
1441 2125 1661 2177 mortale
1703 2124 1896 2177 crimen
1942 2125 2036 2177 est.

153 2213 223 2265 sit
247 2212 397 2265 fortis
425 2214 476 2266 et
503 2212 707 2266 stabilis
734 2212 787 2265 in
814 2212 963 2266 corde
1000 2212 1281 2279 patientia,
1321 2227 1414 2264 nec
1452 2211 1707 2264 adulterio
1746 2210 2036 2263 sanctifica-

152 2298 269 2350 tum
306 2312 486 2366 corpus
525 2299 577 2351 et
612 2298 710 2351 Dei
748 2298 1005 2366 templum
1030 2298 1284 2366 polluitur
1310 2313 1402 2351 nec
1427 2297 1663 2350 iustitiae
1691 2297 1864 2350 dicata
1890 2297 2039 2349 inno-

154 2384 321 2437 centia
346 2384 583 2454 contagio
623 2384 821 2437 fraudis
860 2384 1088 2438 inficitur
1124 2400 1216 2437 nec
1240 2385 1357 2451 post
1383 2385 1645 2453 gestatam
1673 2383 2040 2436 eucharistiam

15 2480 25 2546 ff¹
96 2491 140 2525 25
154 2485 336 2523 manus
363 2470 535 2539 gladio
562 2471 614 2523 et
641 2487 817 2524 cruore
843 2471 1148 2524 maculatur.

225 2555 424 2610 Caritas
451 2557 791 2610 fraternitatis
817 2557 1086 2610 uinculum
1113 2558 1216 2622 est,
1257 2556 1657 2610 fundamentum
1682 2556 1853 2625 paciS,
1894 2556 2039 2609 tena-
2069 2553 2130 2605 15

155 2641 282 2695 citas
308 2658 368 2696 ac
392 2642 611 2696 firmitas
638 2642 881 2707 unitatiS,
923 2659 1053 2710 quae
1091 2642 1142 2696 et
1180 2659 1269 2710 spe
1294 2643 1346 2696 et
1371 2642 1470 2696 fide
1496 2643 1661 2696 maior
1687 2643 1790 2707 est,
1832 2658 1963 2710 quae
1989 2642 2040 2695 et

323 2829 351 2871 3
382 2827 480 2872 Gal.
503 2828 542 2881 6,
567 2828 633 2872 10.
658 2829 697 2872 9.
789 2828 844 2872 10
874 2828 1029 2873 Ezech.
1054 2828 1123 2882 33,
1149 2829 1217 2872 12.
1309 2829 1364 2872 12
1394 2829 1531 2885 Apoc.
1555 2829 1595 2882 3,
1621 2830 1689 2872 11.

242 2999 267 3041 1
288 2998 435 3043 iustus
458 2999 496 3043 S
579 2999 721 3043 iustos
742 3002 788 3044 et
807 3013 888 3044 om.
917 3000 958 3045 G
1044 3000 1096 3044 dc
1118 3014 1199 3046 om.
1218 3001 1360 3047 WGv
1448 3001 1599 3046 diuine
1629 3001 1670 3046 G
1754 3002 1782 3045 2
1804 3001 1892 3045 sibi
1910 3001 2043 3044 then-

159 3083 311 3114 sauros
329 3070 375 3124 S,
395 3071 509 3116 thes,
534 3072 622 3116 sibi
648 3072 786 3118 WGv
902 3075 1162 3129 reponentes
1188 3074 1232 3118 V
1341 3075 1394 3118 ut
1414 3075 1635 3131 patientes
1667 3087 1748 3119 om.
1769 3074 1808 3118 S
1917 3074 1944 3117 3
1975 3072 2045 3116 in-

158 3143 301 3186 struet
324 3142 363 3187 S
444 3142 586 3201 docet]
609 3147 759 3189 monet
781 3144 819 3189 S
824 3162 841 3202 ,·
864 3146 923 3201 cf.
939 3159 988 3201 p.
1014 3148 1119 3199 409,
1143 3148 1171 3190 5
1259 3146 1287 3190 6
1316 3145 1568 3190 deficiemus
1591 3145 1630 3190 S
1713 3147 1740 3189 9
1773 3147 1979 3201 ceperant
1996 3144 2043 3197 S,

159 3215 418 3270 acceperant
444 3215 526 3261 W¹
623 3217 677 3260 11
709 3229 969 3273 quacunque
990 3231 1016 3262 v
1119 3218 1335 3261 errauerit
1359 3217 1421 3270 G,
1452 3216 1704 3273 peccauerit
1732 3217 1774 3260 V
1856 3216 1912 3259 13
1941 3215 2046 3259 hor-

158 3285 283 3328 tatur
312 3283 354 3329 G
486 3286 544 3331 20
573 3286 832 3345 inspicimus
857 3288 936 3334 W¹
1077 3289 1133 3333 21
1163 3288 1435 3334 homicidum
1457 3290 1536 3335 W¹
1661 3289 1717 3332 22
1748 3287 1823 3331 sed
1843 3288 1946 3343 (pro
1968 3285 2048 3343 sit)

159 3354 335 3400 forti***
354 3357 374 3412 ΙΙ
394 3358 440 3402 et
470 3357 629 3402 stabili
647 3361 855 3404 manente
883 3359 933 3404 in
954 3359 1081 3404 corde
1109 3360 1151 3405 G
1272 3362 1318 3404 et
1338 3374 1418 3404 nec
1439 3360 1563 3411 W²v‚
1594 3362 1638 3403 et
1659 3360 1739 3406 W¹
1852 3347 2048 3403 scificato

166 3427 248 3472 W¹
334 3428 392 3472 24
422 3431 625 3486 contagio
649 3429 868 3484 SWGV,
891 3432 1150 3488 contagione
1165 3445 1192 3476 v
1279 3434 1504 3489 gestatam
1526 3430 1637 3477 WG
1646 3431 1703 3483 V,
1724 3431 1910 3488 gustata
1928 3429 1966 3474 S

162 3497 217 3542 26
239 3499 323 3556 est]
347 3501 393 3543 et
421 3500 461 3545 G
547 3501 602 3546 27
625 3504 670 3546 et
685 3502 814 3558 (ante
835 3505 929 3560 spe)
952 3517 1034 3548 om.
1060 3503 1098 3548 S
