2332 3978
614 304 687 346 De
717 314 879 359 opere
909 302 963 344 et
993 299 1359 356 eleemosynis
1390 313 1424 344 c.
1457 300 1579 343 1--4.
1904 305 2010 359 375

207 437 560 506 Agnoscamus
586 433 759 499 itaque
778 472 790 496 ,
828 430 1012 483 fratres
1039 429 1393 494 dilectissimi,
1422 430 1630 484 diuinae
1654 431 2009 502 indulgentiae
2026 439 2056 489 3

134 522 335 579 salubre
353 536 540 574 munus
563 517 655 590 [et]
680 517 1015 571 emundandis
1036 516 1416 585 purgandisque
1436 518 1659 584 peccatis
1685 519 1890 583 nostris,
1920 519 2008 585 qui

32 624 35 629 ’
74 639 78 644 ·
138 610 244 662 sine
269 607 439 675 aliquo
467 604 804 659 conscientiae
830 604 1040 656 uulnere
1068 618 1174 656 0330
1194 619 1294 656 11011
1313 617 1584 669 possumus
1602 603 1836 656 medellis
1856 605 2012 673 spiri-

136 693 327 748 talibus
353 693 568 745 uulnera
593 691 767 744 nostra
805 705 1056 743 curemus.
1095 705 1187 742 nec
1225 689 1498 756 quisquam
1536 689 1609 742 sic
1648 690 1749 743 sibi
1787 691 1848 743 de
1885 707 2011 759 puro

77 781 297 847 ⁸sadque
322 779 657 831 immaculato
683 778 885 847 pectore
911 775 1234 839 blandiatur,
1291 776 1352 828 ut
1388 775 1680 829 innocentia
1718 791 1810 830 sua
1848 777 2012 830 fretus

0 854 2 942 ξ
56 878 59 880 ·
134 865 443 919 medicinam
468 880 568 917 non
592 863 740 932 putet
767 850 1111 915 adhibendam
1138 877 1246 915 esse
1271 861 1587 926 uulneribuS,
1616 878 1734 915 cum
1761 864 2013 931 scriptum

0 949 1 953 ’
134 952 229 1005 sit:
269 951 408 1018 quis
447 949 846 1019 gloriabitur
885 950 1134 1002 castum
1174 963 1236 1001 se
1274 948 1516 1001 habere
1556 964 1661 1001 cor
1708 951 1817 1001 aut
1866 950 2012 1016 quis

32 1045 54 1075 '-
134 1037 531 1108 gloriabitur
569 1036 870 1089 mundum
911 1050 972 1088 se
1012 1051 1149 1088 esse
1188 1052 1217 1088 a
1254 1036 1581 1103 peccatis?
1638 1035 1689 1087 et
1728 1036 1920 1089 iterum
1959 1037 2013 1089 in

32 1195 34 1197 ,
134 1125 354 1193 epistula
396 1139 488 1176 sua
532 1123 782 1176 Iohannes
810 1123 967 1189 ponat
1010 1123 1061 1174 et
1106 1121 1269 1174 dicat:
1331 1122 1388 1174 si
1444 1122 1806 1175 dixerimus
1864 1123 2013 1190 quia

75 1211 466 1280 inpeccatum
503 1226 622 1262 non
658 1208 990 1272 habemUS,
1038 1223 1149 1261 nos
1188 1208 1364 1276 ipsos
1404 1208 1768 1276 decipimus
1807 1210 1871 1261 et
1910 1225 2012 1262 ue-

131 1298 291 1351 ritas
329 1297 392 1349 in
429 1296 616 1348 nobis
654 1310 772 1347 non
811 1297 922 1348 est.
965 1295 1009 1346 si
1037 1295 1212 1347 autem
1238 1310 1386 1347 nemo
1414 1310 1523 1348 esse
1550 1295 1657 1347 sine
1684 1295 1892 1362 peccato
1918 1311 2011 1362 po-

131 1385 234 1437 test
272 1384 323 1436 et
360 1383 573 1450 quisque
612 1397 664 1434 se
703 1382 1028 1449 inculpatum
1067 1371 1255 1434 dixerit
1294 1382 1383 1434 aut
1423 1381 1669 1450 superbus
1704 1383 1794 1434 aut
1820 1381 2014 1434 stultus

32 1474 46 1483 ”
131 1471 236 1534 031,
276 1485 431 1536 quam
455 1468 764 1532 necessaria,
805 1484 962 1535 quam
987 1467 1209 1536 benigna
1236 1469 1314 1520 est
1342 1467 1519 1520 diuina
1545 1467 1845 1531 clementia,
1886 1482 2013 1534 quae

37 1552 42 1622 s
131 1571 247 1608 cum
295 1555 426 1608 sciat
472 1569 571 1607 non
620 1555 791 1607 deesse
842 1554 1033 1607 sanatis
1084 1555 1334 1621 quaedam
1383 1555 1714 1621 postmodum
1774 1553 2011 1618 uulnera,

23 1650 45 1682 -·
75 1660 115 1692 15
133 1641 275 1694 dedit
314 1642 551 1694 curandis
590 1643 754 1695 denuo
793 1642 1130 1709 sanandisque
1166 1642 1468 1694 uulneribus
1494 1640 1720 1693 remedia
1747 1639 2009 1693 salutaria.

33 1734 46 1800 j
108 1731 110 1733 ’
201 1727 500 1794 Numquam
551 1728 793 1795 denique,
857 1728 1042 1782 fratres
1088 1729 1446 1794 dilectissimi,
1508 1730 1791 1783 admonitio
1837 1730 2016 1782 diuina
2034 1733 2064 1784 4

133 1815 353 1868 cessauit
396 1815 446 1867 et
490 1815 653 1867 tacuit
695 1816 966 1882 quominus
1003 1815 1055 1867 in
1096 1816 1364 1883 scripturis
1392 1817 1584 1869 sanctis
1611 1818 1722 1868 tam
1751 1815 2013 1868 ueteribus

31 1927 49 1974 :³2
133 1883 286 1969 quam
311 1902 457 1955 nouis
485 1917 685 1969 semper
710 1903 761 1954 et
787 1902 976 1969 ubique
1004 1902 1069 1955 ad
1095 1902 1477 1955 misericordiae
1504 1917 1656 1970 opera
1676 1902 1773 1954 Dei
1792 1901 2012 1968 populus

15 1987 27 2026 τ*
52 2002 58 2041 2
130 1990 493 2056 prouocaretur
519 1989 569 2040 et
595 1989 804 2040 canente
832 1989 997 2055 adque
1025 1989 1321 2042 exhortante
1349 1988 1544 2055 Spiritu
1585 1989 1758 2040 sancto
1798 1988 2013 2054 quisque

16 2079 23 2138 J
47 2062 196 2145 ,faoad
235 2089 378 2142 spem
414 2074 559 2143 regni
598 2074 830 2127 caelestis
869 2075 1146 2127 instruitur
1171 2076 1333 2128 facere
1361 2075 1705 2142 eleemosynas
1732 2073 2011 2126 iuberetur.

133 2160 341 2213 mandat
368 2162 419 2213 et
444 2161 695 2228 praecipit
720 2161 903 2214 Esaiae
930 2161 1101 2214 Deus:
1132 2161 1449 2225 exclama,
1490 2161 1685 2228 inquit,
1726 2160 1793 2212 in
1831 2159 1858 2211 f
1863 2174 1890 2210 o
1906 2158 2018 2212 rti-

133 2246 362 2300 tudine
419 2249 484 2300 et
539 2247 686 2300 noli
741 2263 1019 2315 parcere.
1080 2248 1254 2301 sicut
1309 2247 1464 2301 tuba
1525 2247 1738 2300 exalta
1794 2260 2018 2298 uocem

304 2404 328 2447 7
360 2404 488 2448 Prou.
511 2404 580 2458 20,
606 2406 646 2448 9.
735 2406 762 2449 9
792 2405 816 2448 I
847 2406 908 2449 Io.
934 2407 971 2459 1,
996 2406 1035 2448 8.
1126 2405 1182 2448 21
1214 2405 1285 2448 Ε3.
1305 2405 1373 2457 58,
1401 2406 1439 2449 1.

26 2587 27 2590 ¹
222 2533 247 2576 1
279 2532 561 2576 dilectissimi
593 2533 677 2578 SG
707 2539 749 2578 et
777 2534 1027 2590 Auyustin.
1060 2536 1086 2579 l.
1119 2548 1152 2578 c.
1187 2535 1271 2588 IV,
1306 2538 1384 2588 10,
1417 2537 1517 2587 27.,
1549 2533 1772 2578 carissimi
1793 2533 1932 2577 FWv

132 2605 163 2649 2
191 2618 349 2649 munus
372 2606 546 2651 salubre
568 2621 594 2651 v
702 2606 761 2663 et]
784 2609 836 2650 ut
855 2622 882 2651 υ
902 2607 1179 2664 Απριιπίηί,
1213 2622 1293 2652 om.
1321 2607 1384 2660 G,
1416 2609 1460 2650 et
1482 2607 1587 2662 quia
1606 2605 1668 2661 S,·
1690 2619 1848 2648 munus
1869 2618 2021 2648 emun-

39 2687 42 2697 ·
135 2677 531 2722 dandis—nostris
553 2681 599 2723 et
620 2679 696 2736 (1111
726 2680 840 2724 coni.
872 2679 1046 2724 Vahlen
1202 2679 1461 2724 emundanis
1484 2678 1521 2722 S
1650 2678 1680 2721 4
1709 2678 1801 2733 nec]
1824 2690 1878 2720 ne
1899 2678 1964 2722 W
1981 2680 2022 2720 et
2090 2688 2093 2690 ·

20 2802 21 2805 ¹
136 2749 333 2806 Auqust.
357 2756 520 2795 contra
542 2752 715 2796 Iulian.
740 2753 836 2796 Pel.
856 2753 990 2797 1125
1078 2754 1140 2797 sic
1161 2766 1241 2797 om.
1267 2754 1328 2798 W
1420 2751 1448 2794 5
1479 2753 1614 2806 atque
1635 2750 1688 2794 de
1709 2750 1905 2806 August.
1931 2749 1958 2792 l.
1982 2762 2018 2793 c.

33 2828 45 2867 ἶμ
138 2826 299 2866 contra
319 2823 362 2866 d.
385 2824 512 2879 epist.
536 2824 632 2868 Pel.
736 2825 927 2885 pectore]
952 2826 1079 2869 corde
1100 2839 1127 2870 v
1229 2826 1257 2869 8
1287 2824 1500 2869 mundum
1522 2825 1586 2880 se]
1610 2823 1799 2867 mundus
1820 2821 1936 2866 FW

135 2892 165 2936 9
193 2893 405 2938 iohannes
427 2895 474 2938 in
496 2896 684 2952 epistola
706 2910 786 2941 sua
806 2896 919 2940 dicit
942 2896 981 2940 si
1013 2897 1056 2941 G
1145 2897 1358 2954 quoniam
1379 2897 1430 2940 F
1513 2897 1569 2940 10
1600 2895 1850 2951 decepimus
1872 2894 1935 2939 W

139 2964 193 3007 11
223 2978 309 3009 non
330 2968 398 3010 cst
421 2967 717 3013 SFWGVet
745 2968 967 3026 Auyust„
997 2982 1084 3013 non
1112 2971 1192 3012 est.
1218 2969 1257 3012 si
1288 2970 1438 3013 autem
1470 2967 1659 3012 confessi
1680 2967 1895 3010 fuerimus
1918 2978 2016 3020 pec-

138 3038 238 3081 cata
257 3040 429 3091 nostra,
461 3039 605 3084 fidelis
628 3041 673 3083 et
693 3039 838 3084 iustus
861 3042 928 3084 est
950 3040 1177 3093 dominuS,
1212 3040 1290 3096 qui
1320 3040 1447 3084 nobis
1468 3042 1651 3096 peccata
1673 3038 1882 3082 dimittat
1903 3051 1930 3081 υ

139 3109 194 3152 12
224 3110 425 3166 quisquis
445 3125 472 3156 v
604 3112 664 3169 se]
688 3125 744 3156 ex
764 3114 810 3155 te
839 3113 960 3156 Wm.
983 3115 1035 3164 2,
1067 3126 1149 3156 om.
1172 3126 1198 3156 v
1328 3117 1434 3169 post
1457 3112 1643 3167 quisque
1665 3124 1710 3154 se
1731 3110 1854 3154 deest
1875 3113 2020 3154 totum

139 3180 301 3236 folium
320 3183 374 3226 in
393 3183 444 3226 F
516 3196 561 3227 se
582 3197 676 3227 esse
698 3184 863 3227 dixerit
882 3198 920 3237 v,
944 3198 1035 3228 0330
1057 3183 1219 3228 dixerit
1230 3185 1426 3241 Auyust.
1451 3185 1478 3228 l.
1498 3198 1532 3228 c.
1558 3187 1724 3227 contra
1746 3181 1835 3225 Iul.
1863 3179 1917 3223 Ρ.

139 3252 308 3296 311111113
329 3254 398 3297 031
417 3255 495 3298 aut
516 3255 726 3310 superbus
757 3255 800 3299 G
895 3256 951 3299 13
981 3268 1115 3311 quam
1134 3256 1402 3299 necessaria.
1422 3287 1432 3298 .
1451 3268 1586 3310 ,quae
1607 3267 1687 3297 om.
1712 3267 1738 3297 v
1760 3251 2021 3308 Auyustini

141 3323 170 3367 l.
191 3336 225 3368 e.
244 3330 407 3369 contra
426 3324 545 3369 duas
565 3327 692 3382 epist.
720 3327 816 3371 Pel.
898 3327 953 3371 15
975 3327 1116 3371 denuo
1138 3326 1346 3371 curandis
1365 3326 1407 3371 G
1486 3326 1539 3368 17
1562 3325 1622 3381 et]
1646 3336 1888 3379 numquam
1909 3336 1935 3367 υ

139 3395 235 3438 tam
256 3410 297 3440 u.
321 3410 360 3452 q.
384 3396 511 3440 nouis
533 3410 615 3440 om.
640 3399 716 3454 W;
748 3399 806 3453 cf.
823 3412 872 3454 p.
892 3403 995 3451 188,
1014 3402 1044 3443 6
1163 3399 1218 3442 18
1249 3400 1308 3455 01]
1332 3400 1382 3441 111
1410 3397 1451 3442 G
1539 3397 1593 3439 19
1624 3394 1899 3449 exhortante]
1921 3406 2026 3450 pro-

142 3468 326 3510 uocante
355 3466 396 3511 G
482 3467 684 3524 quisquis
705 3483 731 3514 v
819 3470 876 3513 20
905 3470 1113 3514 iubeatur
1132 3470 1193 3522 G,
1227 3470 1406 3514 iubetur
1426 3482 1452 3512 v
1539 3467 1594 3510 21
1616 3465 1843 3523 praecepit
1873 3464 1936 3509 G¹

141 3535 250 3580 dous
271 3538 410 3582 eseiae
431 3538 581 3583 dicens
604 3540 642 3584 S
721 3541 778 3584 22
808 3541 939 3584 turba
967 3541 1030 3585 G¹
