<?xml version="1.0" encoding="UTF-8"?>
<!DOCTYPE html PUBLIC "-//W3C//DTD XHTML 1.0 Transitional//EN"
    "http://www.w3.org/TR/xhtml1/DTD/xhtml1-transitional.dtd">
<html xmlns="http://www.w3.org/1999/xhtml" xml:lang="en" lang="en">
 <head>
  <title>
</title>
<meta http-equiv="Content-Type" content="text/html;charset=utf-8" />
  <meta name='ocr-system' content='tesseract 3.04.00' />
  <meta name='ocr-capabilities' content='ocr_page ocr_carea ocr_par ocr_line ocrx_word'/>
</head>
<body>
  <div class='ocr_page' id='page_1' title='image "./sthascicaecilicy03cypruoft_0288.png"; bbox 0 0 2332 3978; ppageno 0'>
   <div class='ocr_carea' id='block_1_1' title="bbox 1720 0 2332 417">
    <p class='ocr_par' dir='ltr' id='par_1_1' title="bbox 1720 0 2332 417">
     <span class='ocr_line' id='line_1_1' title="bbox 1720 0 2332 417; baseline 0 3561"><span class='ocrx_word' id='word_1_1' title='bbox 1720 0 2332 417; x_wconf 95' lang='lat' dir='ltr'> </span> 
     </span>
    </p>
   </div>
   <div class='ocr_carea' id='block_1_2' title="bbox 274 291 1479 379">
    <p class='ocr_par' dir='ltr' id='par_1_2' title="bbox 274 291 1479 379">
     <span class='ocr_line' id='line_1_2' title="bbox 274 291 1479 379; baseline -0.013 1"><span class='ocrx_word' id='word_1_2' title='bbox 274 326 378 379; x_wconf 81' lang='grc'>278</span> <span class='ocrx_word' id='word_1_3' title='bbox 938 321 1179 367; x_wconf 83' lang='lat' dir='ltr'>Caecilii</span> <span class='ocrx_word' id='word_1_4' title='bbox 1211 291 1479 379; x_wconf 81' lang='lat' dir='ltr'>Cypriani</span> 
     </span>
    </p>
   </div>
   <div class='ocr_carea' id='block_1_3' title="bbox 193 449 2214 2502">
    <p class='ocr_par' dir='ltr' id='par_1_3' title="bbox 272 449 2207 1035">
     <span class='ocr_line' id='line_1_3' title="bbox 272 449 2151 521; baseline -0.001 -15"><span class='ocrx_word' id='word_1_5' title='bbox 272 467 602 521; x_wconf 81' lang='lat' dir='ltr'>praeponere,</span> <span class='ocrx_word' id='word_1_6' title='bbox 660 451 781 520; x_wconf 89' lang='lat' dir='ltr'>quia</span> <span class='ocrx_word' id='word_1_7' title='bbox 817 467 911 505; x_wconf 90' lang='lat' dir='ltr'>nec</span> <span class='ocrx_word' id='word_1_8' title='bbox 947 452 1092 505; x_wconf 88' lang='lat' dir='ltr'>nobis</span> <span class='ocrx_word' id='word_1_9' title='bbox 1130 451 1405 519; x_wconf 89' lang='lat' dir='ltr'>quicquam</span> <span class='ocrx_word' id='word_1_10' title='bbox 1443 449 1534 503; x_wconf 92' lang='lat' dir='ltr'>ille</span> <span class='ocrx_word' id='word_1_11' title='bbox 1572 450 1893 518; x_wconf 72' lang='lat' dir='ltr'>praeposuit,</span> <span class='ocrx_word' id='word_1_12' title='bbox 1943 451 2151 504; x_wconf 85' lang='lat' dir='ltr'>caritati</span> 
     </span>
     <span class='ocr_line' id='line_1_4' title="bbox 273 528 2149 604; baseline -0.001 -13"><span class='ocrx_word' id='word_1_13' title='bbox 273 539 380 591; x_wconf 89' lang='lat' dir='ltr'>eius</span> <span class='ocrx_word' id='word_1_14' title='bbox 406 537 816 604; x_wconf 77' lang='lat' dir='ltr'>inseparabiliter</span> <span class='ocrx_word' id='word_1_15' title='bbox 841 537 1139 601; x_wconf 89' lang='lat' dir='ltr'>adhaerere,</span> <span class='ocrx_word' id='word_1_16' title='bbox 1179 536 1318 590; x_wconf 90' lang='lat' dir='ltr'>cruci</span> <span class='ocrx_word' id='word_1_17' title='bbox 1353 536 1461 589; x_wconf 88' lang='lat' dir='ltr'>eius</span> <span class='ocrx_word' id='word_1_18' title='bbox 1497 534 1699 587; x_wconf 87' lang='lat' dir='ltr'>fortiter</span> <span class='ocrx_word' id='word_1_19' title='bbox 1723 550 1781 587; x_wconf 89' lang='lat' dir='ltr'>ac</span> <span class='ocrx_word' id='word_1_20' title='bbox 1814 528 2034 590; x_wconf 83' lang='lat' dir='ltr'>fidenter</span> <span class='ocrx_word' id='word_1_21' title='bbox 2057 538 2149 590; x_wconf 72' lang='lat' dir='ltr'>ad‘-</span> 
     </span>
     <span class='ocr_line' id='line_1_5' title="bbox 273 622 2149 690; baseline -0.001 -13"><span class='ocrx_word' id='word_1_22' title='bbox 273 625 481 687; x_wconf 79' lang='lat' dir='ltr'>sistere,</span> <span class='ocrx_word' id='word_1_23' title='bbox 521 623 721 690; x_wconf 88' lang='lat' dir='ltr'>quando</span> <span class='ocrx_word' id='word_1_24' title='bbox 748 623 809 675; x_wconf 92' lang='lat' dir='ltr'>de</span> <span class='ocrx_word' id='word_1_25' title='bbox 836 623 944 676; x_wconf 90' lang='lat' dir='ltr'>eius</span> <span class='ocrx_word' id='word_1_26' title='bbox 971 624 1175 677; x_wconf 93' lang='lat' dir='ltr'>nomine</span> <span class='ocrx_word' id='word_1_27' title='bbox 1201 625 1253 676; x_wconf 91' lang='lat' dir='ltr'>et</span> <span class='ocrx_word' id='word_1_28' title='bbox 1277 623 1464 675; x_wconf 87' lang='lat' dir='ltr'>honore</span> <span class='ocrx_word' id='word_1_29' title='bbox 1491 622 1753 674; x_wconf 91' lang='lat' dir='ltr'>certamen</span> <span class='ocrx_word' id='word_1_30' title='bbox 1778 622 1882 686; x_wconf 92' lang='lat' dir='ltr'>est,</span> <span class='ocrx_word' id='word_1_31' title='bbox 1912 622 2149 676; x_wconf 85' lang='lat' dir='ltr'>exhibere</span> 
     </span>
     <span class='ocr_line' id='line_1_6' title="bbox 272 707 2150 776; baseline -0.001 -15"><span class='ocrx_word' id='word_1_32' title='bbox 272 710 324 762; x_wconf 91' lang='lat' dir='ltr'>in</span> <span class='ocrx_word' id='word_1_33' title='bbox 352 723 578 761; x_wconf 87' lang='lat' dir='ltr'>sermone</span> <span class='ocrx_word' id='word_1_34' title='bbox 616 709 959 762; x_wconf 77' lang='lat' dir='ltr'>constantiam</span> <span class='ocrx_word' id='word_1_35' title='bbox 998 725 1098 776; x_wconf 91' lang='lat' dir='ltr'>qua</span> <span class='ocrx_word' id='word_1_36' title='bbox 1136 708 1460 771; x_wconf 88' lang='lat' dir='ltr'>confitemur,</span> <span class='ocrx_word' id='word_1_37' title='bbox 1502 707 1555 758; x_wconf 91' lang='lat' dir='ltr'>in</span> <span class='ocrx_word' id='word_1_38' title='bbox 1582 707 1880 773; x_wconf 83' lang='lat' dir='ltr'>quaestione</span> <span class='ocrx_word' id='word_1_39' title='bbox 1905 707 2150 760; x_wconf 91' lang='lat' dir='ltr'>fiduciam</span> 
     </span>
     <span class='ocr_line' id='line_1_7' title="bbox 272 795 2207 863; baseline 0 -16"><span class='ocrx_word' id='word_1_40' title='bbox 272 811 370 863; x_wconf 88' lang='lat' dir='ltr'>qua</span> <span class='ocrx_word' id='word_1_41' title='bbox 397 795 777 863; x_wconf 81' lang='lat' dir='ltr'>congredimur,</span> <span class='ocrx_word' id='word_1_42' title='bbox 817 795 870 847; x_wconf 93' lang='lat' dir='ltr'>in</span> <span class='ocrx_word' id='word_1_43' title='bbox 908 795 1070 847; x_wconf 92' lang='lat' dir='ltr'>morte</span> <span class='ocrx_word' id='word_1_44' title='bbox 1107 795 1411 862; x_wconf 89' lang='lat' dir='ltr'>patientiam</span> <span class='ocrx_word' id='word_1_45' title='bbox 1450 809 1550 860; x_wconf 88' lang='lat' dir='ltr'>qua</span> <span class='ocrx_word' id='word_1_46' title='bbox 1587 808 1914 846; x_wconf 81' lang='lat' dir='ltr'>coronamur:</span> <span class='ocrx_word' id='word_1_47' title='bbox 1952 795 2048 847; x_wconf 87' lang='lat' dir='ltr'>hoc</span> <span class='ocrx_word' id='word_1_48' title='bbox 2074 795 2150 847; x_wconf 90' lang='lat' dir='ltr'>est</span> <span class='ocrx_word' id='word_1_49' title='bbox 2186 815 2207 847; x_wconf 83' lang='lat'>5</span> 
     </span>
     <span class='ocr_line' id='line_1_8' title="bbox 272 880 2152 947; baseline -0.001 -13"><span class='ocrx_word' id='word_1_50' title='bbox 272 882 569 935; x_wconf 75' lang='lat' dir='ltr'>coheredem</span> <span class='ocrx_word' id='word_1_51' title='bbox 597 881 787 934; x_wconf 82' lang='lat' dir='ltr'>Christi</span> <span class='ocrx_word' id='word_1_52' title='bbox 814 882 946 934; x_wconf 91' lang='lat' dir='ltr'>uelle</span> <span class='ocrx_word' id='word_1_53' title='bbox 973 897 1104 946; x_wconf 90' lang='lat' dir='ltr'>esse,</span> <span class='ocrx_word' id='word_1_54' title='bbox 1132 881 1226 934; x_wconf 91' lang='lat' dir='ltr'>hoc</span> <span class='ocrx_word' id='word_1_55' title='bbox 1254 881 1331 933; x_wconf 91' lang='lat' dir='ltr'>est</span> <span class='ocrx_word' id='word_1_56' title='bbox 1357 880 1686 947; x_wconf 89' lang='lat' dir='ltr'>praeceptum</span> <span class='ocrx_word' id='word_1_57' title='bbox 1710 880 1809 933; x_wconf 91' lang='lat' dir='ltr'>Dei</span> <span class='ocrx_word' id='word_1_58' title='bbox 1835 880 2029 946; x_wconf 88' lang='lat' dir='ltr'>facere,</span> <span class='ocrx_word' id='word_1_59' title='bbox 2057 881 2152 933; x_wconf 91' lang='lat' dir='ltr'>hoc</span> 
     </span>
     <span class='ocr_line' id='line_1_9' title="bbox 273 969 1123 1035; baseline 0 -15"><span class='ocrx_word' id='word_1_60' title='bbox 273 970 349 1020; x_wconf 89' lang='lat' dir='ltr'>est</span> <span class='ocrx_word' id='word_1_61' title='bbox 377 969 697 1021; x_wconf 88' lang='lat' dir='ltr'>uoluntatem</span> <span class='ocrx_word' id='word_1_62' title='bbox 723 969 884 1035; x_wconf 89' lang='lat' dir='ltr'>patris</span> <span class='ocrx_word' id='word_1_63' title='bbox 911 969 1123 1035; x_wconf 90' lang='lat' dir='ltr'>inplere.</span> 
     </span>
    </p>

    <p class='ocr_par' dir='ltr' id='par_1_4' title="bbox 193 1051 2214 2502">
     <span class='ocr_line' id='line_1_10' title="bbox 193 1051 2153 1121; baseline -0.001 -15"><span class='ocrx_word' id='word_1_64' title='bbox 193 1051 255 1100; x_wconf 79' lang='grc'>16</span> <span class='ocrx_word' id='word_1_65' title='bbox 344 1054 479 1106; x_wconf 88' lang='lat' dir='ltr'>Fieri</span> <span class='ocrx_word' id='word_1_66' title='bbox 507 1056 680 1107; x_wconf 87' lang='lat' dir='ltr'>autem</span> <span class='ocrx_word' id='word_1_67' title='bbox 705 1055 929 1121; x_wconf 89' lang='lat' dir='ltr'>petimus</span> <span class='ocrx_word' id='word_1_68' title='bbox 955 1055 1279 1107; x_wconf 89' lang='lat' dir='ltr'>uoluntatem</span> <span class='ocrx_word' id='word_1_69' title='bbox 1300 1054 1397 1107; x_wconf 92' lang='lat' dir='ltr'>Dei</span> <span class='ocrx_word' id='word_1_70' title='bbox 1422 1054 1476 1106; x_wconf 92' lang='lat' dir='ltr'>in</span> <span class='ocrx_word' id='word_1_71' title='bbox 1502 1054 1641 1107; x_wconf 88' lang='lat' dir='ltr'>caelo</span> <span class='ocrx_word' id='word_1_72' title='bbox 1670 1055 1721 1107; x_wconf 92' lang='lat' dir='ltr'>et</span> <span class='ocrx_word' id='word_1_73' title='bbox 1747 1054 1801 1106; x_wconf 91' lang='lat' dir='ltr'>in</span> <span class='ocrx_word' id='word_1_74' title='bbox 1826 1054 1989 1106; x_wconf 86' lang='lat' dir='ltr'>terra:</span> <span class='ocrx_word' id='word_1_75' title='bbox 2018 1053 2153 1121; x_wconf 90' lang='lat' dir='ltr'>quod</span> 
     </span>
     <span class='ocr_line' id='line_1_11' title="bbox 272 1138 2154 1207; baseline -0.001 -16"><span class='ocrx_word' id='word_1_76' title='bbox 272 1141 546 1207; x_wconf 87' lang='lat' dir='ltr'>utrumque</span> <span class='ocrx_word' id='word_1_77' title='bbox 586 1141 649 1192; x_wconf 88' lang='lat' dir='ltr'>ad</span> <span class='ocrx_word' id='word_1_78' title='bbox 688 1141 1179 1192; x_wconf 86' lang='lat' dir='ltr'>consummationem</span> <span class='ocrx_word' id='word_1_79' title='bbox 1216 1141 1419 1192; x_wconf 85' lang='lat' dir='ltr'>nostrae</span> <span class='ocrx_word' id='word_1_80' title='bbox 1444 1139 1817 1192; x_wconf 85' lang='lat' dir='ltr'>incolumitatis</span> <span class='ocrx_word' id='word_1_81' title='bbox 1852 1138 2076 1207; x_wconf 90' lang='lat' dir='ltr'>pertinet</span> <span class='ocrx_word' id='word_1_82' title='bbox 2102 1139 2154 1190; x_wconf 91' lang='lat' dir='ltr'>et</span> 
     </span>
     <span class='ocr_line' id='line_1_12' title="bbox 272 1225 2213 1293; baseline 0.003 -16"><span class='ocrx_word' id='word_1_83' title='bbox 272 1225 469 1278; x_wconf 89' lang='lat' dir='ltr'>salutis.</span> <span class='ocrx_word' id='word_1_84' title='bbox 510 1243 628 1277; x_wconf 85' lang='lat' dir='ltr'>nam</span> <span class='ocrx_word' id='word_1_85' title='bbox 650 1242 764 1278; x_wconf 91' lang='lat' dir='ltr'>cum</span> <span class='ocrx_word' id='word_1_86' title='bbox 795 1242 972 1293; x_wconf 89' lang='lat' dir='ltr'>corpus</span> <span class='ocrx_word' id='word_1_87' title='bbox 1000 1243 1026 1279; x_wconf 91' lang='lat' dir='ltr'>e</span> <span class='ocrx_word' id='word_1_88' title='bbox 1052 1228 1189 1279; x_wconf 89' lang='lat' dir='ltr'>terra</span> <span class='ocrx_word' id='word_1_89' title='bbox 1216 1227 1267 1279; x_wconf 91' lang='lat' dir='ltr'>et</span> <span class='ocrx_word' id='word_1_90' title='bbox 1293 1226 1536 1293; x_wconf 69' lang='lat' dir='ltr'>spiritum</span> <span class='ocrx_word' id='word_1_91' title='bbox 1562 1226 1914 1293; x_wconf 88' lang='lat' dir='ltr'>possideamus</span> <span class='ocrx_word' id='word_1_92' title='bbox 1942 1241 1968 1278; x_wconf 94' lang='lat' dir='ltr'>e</span> <span class='ocrx_word' id='word_1_93' title='bbox 1996 1225 2151 1289; x_wconf 90' lang='lat' dir='ltr'>cae10,</span> <span class='ocrx_word' id='word_1_94' title='bbox 2169 1251 2213 1281; x_wconf 82' lang='lat'>10</span> 
     </span>
     <span class='ocr_line' id='line_1_13' title="bbox 271 1311 2152 1381; baseline 0.001 -18"><span class='ocrx_word' id='word_1_95' title='bbox 271 1311 369 1378; x_wconf 89' lang='lat' dir='ltr'>ipsi</span> <span class='ocrx_word' id='word_1_96' title='bbox 396 1314 531 1364; x_wconf 91' lang='lat' dir='ltr'>terra</span> <span class='ocrx_word' id='word_1_97' title='bbox 559 1313 609 1364; x_wconf 93' lang='lat' dir='ltr'>et</span> <span class='ocrx_word' id='word_1_98' title='bbox 636 1312 834 1364; x_wconf 88' lang='lat' dir='ltr'>caelum</span> <span class='ocrx_word' id='word_1_99' title='bbox 862 1329 1040 1365; x_wconf 90' lang='lat' dir='ltr'>sumus</span> <span class='ocrx_word' id='word_1_100' title='bbox 1067 1314 1118 1365; x_wconf 92' lang='lat' dir='ltr'>et</span> <span class='ocrx_word' id='word_1_101' title='bbox 1143 1313 1197 1365; x_wconf 91' lang='lat' dir='ltr'>in</span> <span class='ocrx_word' id='word_1_102' title='bbox 1223 1314 1442 1381; x_wconf 89' lang='lat' dir='ltr'>utroque</span> <span class='ocrx_word' id='word_1_103' title='bbox 1468 1313 1523 1366; x_wconf 90' lang='lat' dir='ltr'>id</span> <span class='ocrx_word' id='word_1_104' title='bbox 1550 1315 1628 1367; x_wconf 91' lang='lat' dir='ltr'>est</span> <span class='ocrx_word' id='word_1_105' title='bbox 1655 1315 1706 1366; x_wconf 89' lang='lat' dir='ltr'>et</span> <span class='ocrx_word' id='word_1_106' title='bbox 1734 1328 1939 1380; x_wconf 89' lang='lat' dir='ltr'>corpore</span> <span class='ocrx_word' id='word_1_107' title='bbox 1967 1313 2018 1366; x_wconf 91' lang='lat' dir='ltr'>et</span> <span class='ocrx_word' id='word_1_108' title='bbox 2045 1313 2152 1379; x_wconf 90' lang='lat' dir='ltr'>spi-</span> 
     </span>
     <span class='ocr_line' id='line_1_14' title="bbox 270 1398 2152 1467; baseline 0.001 -19"><span class='ocrx_word' id='word_1_109' title='bbox 270 1398 375 1449; x_wconf 88' lang='lat' dir='ltr'>ritu</span> <span class='ocrx_word' id='word_1_110' title='bbox 403 1400 461 1450; x_wconf 89' lang='lat' dir='ltr'>ut</span> <span class='ocrx_word' id='word_1_111' title='bbox 487 1398 580 1449; x_wconf 88' lang='lat' dir='ltr'>Dei</span> <span class='ocrx_word' id='word_1_112' title='bbox 607 1398 844 1451; x_wconf 90' lang='lat' dir='ltr'>uoluntas</span> <span class='ocrx_word' id='word_1_113' title='bbox 870 1400 961 1452; x_wconf 91' lang='lat' dir='ltr'>fiat</span> <span class='ocrx_word' id='word_1_114' title='bbox 987 1415 1206 1452; x_wconf 87' lang='lat' dir='ltr'>oramus.</span> <span class='ocrx_word' id='word_1_115' title='bbox 1248 1401 1326 1452; x_wconf 87' lang='lat' dir='ltr'>est</span> <span class='ocrx_word' id='word_1_116' title='bbox 1365 1401 1502 1452; x_wconf 85' lang='lat' dir='ltr'>enim</span> <span class='ocrx_word' id='word_1_117' title='bbox 1528 1401 1663 1453; x_wconf 87' lang='lat' dir='ltr'>inter</span> <span class='ocrx_word' id='word_1_118' title='bbox 1690 1416 1894 1453; x_wconf 86' lang='lat' dir='ltr'>carnem</span> <span class='ocrx_word' id='word_1_119' title='bbox 1921 1400 1972 1452; x_wconf 88' lang='lat' dir='ltr'>et</span> <span class='ocrx_word' id='word_1_120' title='bbox 1998 1399 2152 1467; x_wconf 88' lang='lat' dir='ltr'>spiri-</span> 
     </span>
     <span class='ocr_line' id='line_1_15' title="bbox 270 1484 2154 1539; baseline 0.002 -6"><span class='ocrx_word' id='word_1_121' title='bbox 270 1484 382 1534; x_wconf 90' lang='lat' dir='ltr'>tum</span> <span class='ocrx_word' id='word_1_122' title='bbox 410 1484 715 1536; x_wconf 86' lang='lat' dir='ltr'>conluctatio</span> <span class='ocrx_word' id='word_1_123' title='bbox 738 1486 788 1537; x_wconf 90' lang='lat' dir='ltr'>et</span> <span class='ocrx_word' id='word_1_124' title='bbox 809 1485 1225 1539; x_wconf 86' lang='lat' dir='ltr'>discordantibus</span> <span class='ocrx_word' id='word_1_125' title='bbox 1253 1486 1531 1539; x_wconf 90' lang='lat' dir='ltr'>aduersum</span> <span class='ocrx_word' id='word_1_126' title='bbox 1551 1503 1604 1539; x_wconf 93' lang='lat' dir='ltr'>se</span> <span class='ocrx_word' id='word_1_127' title='bbox 1624 1486 1851 1539; x_wconf 87' lang='lat' dir='ltr'>inuicem</span> <span class='ocrx_word' id='word_1_128' title='bbox 1871 1485 2154 1537; x_wconf 89' lang='lat' dir='ltr'>cottidiana</span> 
     </span>
     <span class='ocr_line' id='line_1_16' title="bbox 270 1570 2154 1639; baseline 0.001 -19"><span class='ocrx_word' id='word_1_129' title='bbox 270 1570 578 1638; x_wconf 79' lang='lat' dir='ltr'>congressio,</span> <span class='ocrx_word' id='word_1_130' title='bbox 619 1571 678 1622; x_wconf 90' lang='lat' dir='ltr'>ut</span> <span class='ocrx_word' id='word_1_131' title='bbox 719 1586 818 1623; x_wconf 92' lang='lat' dir='ltr'>non</span> <span class='ocrx_word' id='word_1_132' title='bbox 863 1587 990 1638; x_wconf 87' lang='lat' dir='ltr'>quae</span> <span class='ocrx_word' id='word_1_133' title='bbox 1033 1573 1274 1624; x_wconf 89' lang='lat' dir='ltr'>uolumus</span> <span class='ocrx_word' id='word_1_134' title='bbox 1312 1572 1425 1639; x_wconf 91' lang='lat' dir='ltr'>ipsa</span> <span class='ocrx_word' id='word_1_135' title='bbox 1463 1572 1743 1637; x_wconf 85' lang='lat' dir='ltr'>faciamus,</span> <span class='ocrx_word' id='word_1_136' title='bbox 1786 1572 1911 1624; x_wconf 90' lang='lat' dir='ltr'>dum</span> <span class='ocrx_word' id='word_1_137' title='bbox 1938 1570 2154 1639; x_wconf 89' lang='lat' dir='ltr'>spiritus</span> 
     </span>
     <span class='ocr_line' id='line_1_17' title="bbox 269 1655 2214 1724; baseline 0.001 -19"><span class='ocrx_word' id='word_1_138' title='bbox 269 1655 505 1707; x_wconf 85' lang='lat' dir='ltr'>caelestia</span> <span class='ocrx_word' id='word_1_139' title='bbox 532 1658 582 1708; x_wconf 92' lang='lat' dir='ltr'>et</span> <span class='ocrx_word' id='word_1_140' title='bbox 610 1656 789 1710; x_wconf 88' lang='lat' dir='ltr'>diuina</span> <span class='ocrx_word' id='word_1_141' title='bbox 815 1658 1039 1724; x_wconf 88' lang='lat' dir='ltr'>quaerit,</span> <span class='ocrx_word' id='word_1_142' title='bbox 1070 1674 1181 1711; x_wconf 88' lang='lat' dir='ltr'>caro</span> <span class='ocrx_word' id='word_1_143' title='bbox 1208 1659 1409 1711; x_wconf 88' lang='lat' dir='ltr'>terrena</span> <span class='ocrx_word' id='word_1_144' title='bbox 1436 1659 1487 1711; x_wconf 90' lang='lat' dir='ltr'>et</span> <span class='ocrx_word' id='word_1_145' title='bbox 1514 1659 1794 1712; x_wconf 85' lang='lat' dir='ltr'>saecularia</span> <span class='ocrx_word' id='word_1_146' title='bbox 1821 1656 2152 1724; x_wconf 73' lang='lat' dir='ltr'>concupiscit,</span> <span class='ocrx_word' id='word_1_147' title='bbox 2171 1676 2214 1707; x_wconf 68' lang='lat'>15</span> 
     </span>
     <span class='ocr_line' id='line_1_18' title="bbox 272 1741 2154 1811; baseline 0.002 -20"><span class='ocrx_word' id='word_1_148' title='bbox 272 1743 321 1792; x_wconf 92' lang='lat' dir='ltr'>et</span> <span class='ocrx_word' id='word_1_149' title='bbox 358 1741 468 1792; x_wconf 89' lang='lat' dir='ltr'>ideo</span> <span class='ocrx_word' id='word_1_150' title='bbox 514 1743 737 1808; x_wconf 90' lang='lat' dir='ltr'>petimus</span> <span class='ocrx_word' id='word_1_151' title='bbox 775 1743 909 1795; x_wconf 87' lang='lat' dir='ltr'>inter</span> <span class='ocrx_word' id='word_1_152' title='bbox 950 1745 1048 1796; x_wconf 91' lang='lat' dir='ltr'>duo</span> <span class='ocrx_word' id='word_1_153' title='bbox 1094 1744 1197 1796; x_wconf 88' lang='lat' dir='ltr'>ista</span> <span class='ocrx_word' id='word_1_154' title='bbox 1242 1759 1335 1811; x_wconf 93' lang='lat' dir='ltr'>ope</span> <span class='ocrx_word' id='word_1_155' title='bbox 1381 1745 1433 1797; x_wconf 90' lang='lat' dir='ltr'>et</span> <span class='ocrx_word' id='word_1_156' title='bbox 1479 1745 1669 1797; x_wconf 80' lang='lat' dir='ltr'>auxilio</span> <span class='ocrx_word' id='word_1_157' title='bbox 1696 1745 1794 1797; x_wconf 88' lang='lat' dir='ltr'>Dei</span> <span class='ocrx_word' id='word_1_158' title='bbox 1830 1742 2154 1796; x_wconf 83' lang='lat' dir='ltr'>concordiam</span> 
     </span>
     <span class='ocr_line' id='line_1_19' title="bbox 268 1825 2154 1899; baseline 0.003 -23"><span class='ocrx_word' id='word_1_159' title='bbox 268 1825 403 1889; x_wconf 88' lang='lat' dir='ltr'>fieri,</span> <span class='ocrx_word' id='word_1_160' title='bbox 444 1829 502 1879; x_wconf 89' lang='lat' dir='ltr'>ut</span> <span class='ocrx_word' id='word_1_161' title='bbox 529 1828 652 1880; x_wconf 87' lang='lat' dir='ltr'>dum</span> <span class='ocrx_word' id='word_1_162' title='bbox 679 1831 730 1881; x_wconf 91' lang='lat' dir='ltr'>et</span> <span class='ocrx_word' id='word_1_163' title='bbox 756 1829 810 1881; x_wconf 89' lang='lat' dir='ltr'>in</span> <span class='ocrx_word' id='word_1_164' title='bbox 836 1830 1023 1896; x_wconf 89' lang='lat' dir='ltr'>spiritu</span> <span class='ocrx_word' id='word_1_165' title='bbox 1051 1830 1101 1883; x_wconf 92' lang='lat' dir='ltr'>et</span> <span class='ocrx_word' id='word_1_166' title='bbox 1126 1830 1180 1882; x_wconf 87' lang='lat' dir='ltr'>in</span> <span class='ocrx_word' id='word_1_167' title='bbox 1208 1846 1356 1883; x_wconf 90' lang='lat' dir='ltr'>carne</span> <span class='ocrx_word' id='word_1_168' title='bbox 1382 1831 1624 1884; x_wconf 87' lang='lat' dir='ltr'>uoluntas</span> <span class='ocrx_word' id='word_1_169' title='bbox 1650 1831 1748 1884; x_wconf 89' lang='lat' dir='ltr'>Dei</span> <span class='ocrx_word' id='word_1_170' title='bbox 1774 1831 1997 1899; x_wconf 84' lang='lat' dir='ltr'>geritur,</span> <span class='ocrx_word' id='word_1_171' title='bbox 2026 1845 2154 1896; x_wconf 89' lang='lat' dir='ltr'>quae</span> 
     </span>
     <span class='ocr_line' id='line_1_20' title="bbox 269 1915 2155 1985; baseline 0.002 -22"><span class='ocrx_word' id='word_1_172' title='bbox 269 1927 357 1977; x_wconf 89' lang='lat' dir='ltr'>per</span> <span class='ocrx_word' id='word_1_173' title='bbox 384 1928 501 1964; x_wconf 91' lang='lat' dir='ltr'>eum</span> <span class='ocrx_word' id='word_1_174' title='bbox 527 1916 704 1967; x_wconf 89' lang='lat' dir='ltr'>renata</span> <span class='ocrx_word' id='word_1_175' title='bbox 730 1917 807 1967; x_wconf 90' lang='lat' dir='ltr'>est</span> <span class='ocrx_word' id='word_1_176' title='bbox 833 1917 1004 1968; x_wconf 86' lang='lat' dir='ltr'>anima</span> <span class='ocrx_word' id='word_1_177' title='bbox 1031 1919 1279 1970; x_wconf 89' lang='lat' dir='ltr'>seruetur.</span> <span class='ocrx_word' id='word_1_178' title='bbox 1322 1918 1457 1985; x_wconf 89' lang='lat' dir='ltr'>quod</span> <span class='ocrx_word' id='word_1_179' title='bbox 1493 1918 1665 1985; x_wconf 88' lang='lat' dir='ltr'>aperte</span> <span class='ocrx_word' id='word_1_180' title='bbox 1692 1918 1855 1984; x_wconf 89' lang='lat' dir='ltr'>adque</span> <span class='ocrx_word' id='word_1_181' title='bbox 1883 1915 2155 1968; x_wconf 86' lang='lat' dir='ltr'>manifeste</span> 
     </span>
     <span class='ocr_line' id='line_1_21' title="bbox 270 1998 2154 2071; baseline 0.003 -24"><span class='ocrx_word' id='word_1_182' title='bbox 270 1998 527 2062; x_wconf 87' lang='lat' dir='ltr'>apostolus</span> <span class='ocrx_word' id='word_1_183' title='bbox 562 1999 754 2052; x_wconf 88' lang='lat' dir='ltr'>Paulus</span> <span class='ocrx_word' id='word_1_184' title='bbox 802 2017 892 2053; x_wconf 89' lang='lat' dir='ltr'>sua</span> <span class='ocrx_word' id='word_1_185' title='bbox 931 2018 1055 2055; x_wconf 88' lang='lat' dir='ltr'>uoce</span> <span class='ocrx_word' id='word_1_186' title='bbox 1094 2004 1348 2069; x_wconf 87' lang='lat' dir='ltr'>declarat,</span> <span class='ocrx_word' id='word_1_187' title='bbox 1397 2020 1463 2056; x_wconf 89' lang='lat' dir='ltr'>ca</span> <span class='ocrx_word' id='word_1_188' title='bbox 1480 2019 1574 2070; x_wconf 91' lang='lat' dir='ltr'>r0,</span> <span class='ocrx_word' id='word_1_189' title='bbox 1616 2004 1811 2071; x_wconf 88' lang='lat' dir='ltr'>inquit,</span> <span class='ocrx_word' id='word_1_190' title='bbox 1854 2001 2154 2068; x_wconf 88' lang='lat' dir='ltr'>concupi-</span> 
     </span>
     <span class='ocr_line' id='line_1_22' title="bbox 272 2084 2214 2156; baseline 0.006 -23"><span class='ocrx_word' id='word_1_191' title='bbox 272 2084 397 2135; x_wconf 92' lang='lat' dir='ltr'>scit</span> <span class='ocrx_word' id='word_1_192' title='bbox 424 2084 617 2136; x_wconf 89' lang='lat' dir='ltr'>aduer</span> <span class='ocrx_word' id='word_1_193' title='bbox 632 2101 737 2138; x_wconf 91' lang='lat' dir='ltr'>sus</span> <span class='ocrx_word' id='word_1_194' title='bbox 765 2087 1072 2154; x_wconf 87' lang='lat' dir='ltr'>spiritum</span> <span class='ocrx_word' id='word_1_195' title='bbox 1112 2091 1172 2141; x_wconf 93' lang='lat' dir='ltr'>et</span> <span class='ocrx_word' id='word_1_196' title='bbox 1211 2090 1508 2156; x_wconf 87' lang='lat' dir='ltr'>spiritus</span> <span class='ocrx_word' id='word_1_197' title='bbox 1548 2091 1860 2143; x_wconf 90' lang='lat' dir='ltr'>aduersus</span> <span class='ocrx_word' id='word_1_198' title='bbox 1889 2104 2152 2143; x_wconf 88' lang='lat' dir='ltr'>carnem.</span> <span class='ocrx_word' id='word_1_199' title='bbox 2170 2110 2214 2144; x_wconf 83' lang='lat'>20</span> 
     </span>
     <span class='ocr_line' id='line_1_23' title="bbox 268 2169 2154 2244; baseline 0.005 -25"><span class='ocrx_word' id='word_1_200' title='bbox 268 2169 418 2222; x_wconf 87' lang='lat' dir='ltr'>haec</span> <span class='ocrx_word' id='word_1_201' title='bbox 477 2171 641 2223; x_wconf 88' lang='lat' dir='ltr'>enim</span> <span class='ocrx_word' id='word_1_202' title='bbox 697 2172 980 2226; x_wconf 89' lang='lat' dir='ltr'>inuicem</span> <span class='ocrx_word' id='word_1_203' title='bbox 1035 2176 1153 2227; x_wconf 89' lang='lat' dir='ltr'>adu</span> <span class='ocrx_word' id='word_1_204' title='bbox 1171 2192 1267 2228; x_wconf 89' lang='lat' dir='ltr'>ers</span> <span class='ocrx_word' id='word_1_205' title='bbox 1285 2178 1477 2229; x_wconf 74' lang='lat' dir='ltr'>antur</span> <span class='ocrx_word' id='word_1_206' title='bbox 1535 2178 1689 2242; x_wconf 91' lang='lat' dir='ltr'>sibi,</span> <span class='ocrx_word' id='word_1_207' title='bbox 1731 2179 1799 2230; x_wconf 92' lang='lat' dir='ltr'>ut</span> <span class='ocrx_word' id='word_1_208' title='bbox 1837 2194 1956 2230; x_wconf 91' lang='lat' dir='ltr'>non</span> <span class='ocrx_word' id='word_1_209' title='bbox 1994 2193 2154 2244; x_wconf 89' lang='lat' dir='ltr'>quae</span> 
     </span>
     <span class='ocr_line' id='line_1_24' title="bbox 267 2255 2154 2324; baseline 0.005 -20"><span class='ocrx_word' id='word_1_210' title='bbox 267 2255 477 2307; x_wconf 88' lang='lat' dir='ltr'>uultis</span> <span class='ocrx_word' id='word_1_211' title='bbox 516 2257 657 2324; x_wconf 89' lang='lat' dir='ltr'>ipsa</span> <span class='ocrx_word' id='word_1_212' title='bbox 694 2258 982 2312; x_wconf 86' lang='lat' dir='ltr'>faciatis.</span> <span class='ocrx_word' id='word_1_213' title='bbox 1022 2262 1373 2315; x_wconf 86' lang='lat' dir='ltr'>manifesta</span> <span class='ocrx_word' id='word_1_214' title='bbox 1402 2264 1617 2316; x_wconf 89' lang='lat' dir='ltr'>autem</span> <span class='ocrx_word' id='word_1_215' title='bbox 1644 2264 1794 2316; x_wconf 90' lang='lat' dir='ltr'>sunt</span> <span class='ocrx_word' id='word_1_216' title='bbox 1819 2263 1994 2316; x_wconf 85' lang='lat' dir='ltr'>facta</span> <span class='ocrx_word' id='word_1_217' title='bbox 2021 2279 2154 2316; x_wconf 86' lang='lat' dir='ltr'>car-</span> 
     </span>
     <span class='ocr_line' id='line_1_25' title="bbox 265 2340 2153 2414; baseline 0.005 -23"><span class='ocrx_word' id='word_1_218' title='bbox 265 2340 359 2391; x_wconf 86' lang='lat' dir='ltr'>nis</span> <span class='ocrx_word' id='word_1_219' title='bbox 400 2358 554 2408; x_wconf 89' lang='lat' dir='ltr'>quae</span> <span class='ocrx_word' id='word_1_220' title='bbox 612 2347 764 2398; x_wconf 90' lang='lat' dir='ltr'>sunt</span> <span class='ocrx_word' id='word_1_221' title='bbox 818 2348 1181 2413; x_wconf 85' lang='lat' dir='ltr'>adulteria,</span> <span class='ocrx_word' id='word_1_222' title='bbox 1241 2349 1765 2414; x_wconf 79' lang='lat' dir='ltr'>fornicationeS,</span> <span class='ocrx_word' id='word_1_223' title='bbox 1824 2350 2153 2402; x_wconf 89' lang='lat' dir='ltr'>inmundi-</span> 
     </span>
     <span class='ocr_line' id='line_1_26' title="bbox 264 2426 2149 2502; baseline 0.006 -25"><span class='ocrx_word' id='word_1_224' title='bbox 264 2426 419 2482; x_wconf 85' lang='lat' dir='ltr'>tiae.</span> <span class='ocrx_word' id='word_1_225' title='bbox 460 2431 840 2497; x_wconf 87' lang='lat' dir='ltr'>spurcitiae,</span> <span class='ocrx_word' id='word_1_226' title='bbox 880 2434 1337 2502; x_wconf 88' lang='lat' dir='ltr'>idololatriae,</span> <span class='ocrx_word' id='word_1_227' title='bbox 1377 2436 1729 2501; x_wconf 86' lang='lat' dir='ltr'>ueneficia,</span> <span class='ocrx_word' id='word_1_228' title='bbox 1771 2436 2149 2501; x_wconf 89' lang='lat' dir='ltr'>homicidia,</span> 
     </span>
    </p>
   </div>
   <div class='ocr_carea' id='block_1_4' title="bbox 2312 614 2324 626">
    <p class='ocr_par' dir='ltr' id='par_1_5' title="bbox 2312 614 2324 626">
     <span class='ocr_line' id='line_1_27' title="bbox 2312 614 2324 626; baseline 0 3352"><span class='ocrx_word' id='word_1_229' title='bbox 2312 614 2324 626; x_wconf 95' lang='lat' dir='ltr'> </span> 
     </span>
    </p>
   </div>
   <div class='ocr_carea' id='block_1_5' title="bbox 2312 649 2332 685">
    <p class='ocr_par' dir='ltr' id='par_1_6' title="bbox 2312 649 2332 685">
     <span class='ocr_line' id='line_1_28' title="bbox 2312 649 2332 685; baseline 0 3293"><span class='ocrx_word' id='word_1_230' title='bbox 2312 649 2332 685; x_wconf 95' lang='lat' dir='ltr'> </span> 
     </span>
    </p>
   </div>
   <div class='ocr_carea' id='block_1_6' title="bbox 435 2586 847 2645">
    <p class='ocr_par' dir='ltr' id='par_1_7' title="bbox 435 2586 847 2645">
     <span class='ocr_line' id='line_1_29' title="bbox 435 2586 847 2645; baseline 0.01 -17"><span class='ocrx_word' id='word_1_231' title='bbox 435 2586 488 2628; x_wconf 81' lang='lat'>19</span> <span class='ocrx_word' id='word_1_232' title='bbox 521 2588 617 2630; x_wconf 73' lang='lat' dir='ltr'>Gal.</span> <span class='ocrx_word' id='word_1_233' title='bbox 641 2588 681 2640; x_wconf 86' lang='lat'>5,</span> <span class='ocrx_word' id='word_1_234' title='bbox 706 2590 758 2631; x_wconf 83' lang='lat'>17</span> <span class='ocrx_word' id='word_1_235' title='bbox 782 2603 847 2645; x_wconf 82' lang='lat' dir='ltr'>sq.</span> 
     </span>
    </p>
   </div>
   <div class='ocr_carea' id='block_1_7' title="bbox 258 2714 2149 3571">
    <p class='ocr_par' dir='ltr' id='par_1_8' title="bbox 258 2714 2149 3571">
     <span class='ocr_line' id='line_1_30' title="bbox 349 2714 2149 2777; baseline 0.006 -22"><span class='ocrx_word' id='word_1_236' title='bbox 349 2714 372 2755; x_wconf 91' lang='lat'>1</span> <span class='ocrx_word' id='word_1_237' title='bbox 405 2728 667 2770; x_wconf 74' lang='lat' dir='ltr'>praeponere</span> <span class='ocrx_word' id='word_1_238' title='bbox 689 2718 865 2761; x_wconf 89' lang='lat' dir='ltr'>omnino</span> <span class='ocrx_word' id='word_1_239' title='bbox 884 2720 938 2761; x_wconf 90' lang='lat' dir='ltr'><em>W</em></span> <span class='ocrx_word' id='word_1_240' title='bbox 1021 2720 1099 2763; x_wconf 90' lang='lat' dir='ltr'>ille</span> <span class='ocrx_word' id='word_1_241' title='bbox 1123 2723 1444 2777; x_wconf 88' lang='lat' dir='ltr'>quicquamW</span> <span class='ocrx_word' id='word_1_242' title='bbox 1530 2723 1720 2766; x_wconf 88' lang='lat' dir='ltr'>caritate</span> <span class='ocrx_word' id='word_1_243' title='bbox 1751 2723 1813 2767; x_wconf 92' lang='lat' dir='ltr'>G¹</span> <span class='ocrx_word' id='word_1_244' title='bbox 1902 2724 1929 2766; x_wconf 81' lang='lat'><strong>2</strong></span> <span class='ocrx_word' id='word_1_245' title='bbox 1961 2723 2149 2766; x_wconf 88' lang='lat' dir='ltr'>fidenter</span> 
     </span>
     <span class='ocr_line' id='line_1_31' title="bbox 263 2783 2064 2851; baseline 0.009 -27"><span class='ocrx_word' id='word_1_246' title='bbox 263 2783 368 2839; x_wconf 68' lang='lat' dir='ltr'>ads]</span> <span class='ocrx_word' id='word_1_247' title='bbox 392 2785 582 2829; x_wconf 83' lang='lat' dir='ltr'>libenter</span> <span class='ocrx_word' id='word_1_248' title='bbox 604 2789 809 2832; x_wconf 78' lang='lat' dir='ltr'>insistere</span> <span class='ocrx_word' id='word_1_249' title='bbox 836 2791 876 2833; x_wconf 96' lang='lat' dir='ltr'><strong><em>V</em></strong></span> <span class='ocrx_word' id='word_1_250' title='bbox 972 2792 1000 2834; x_wconf 85' lang='lat'>4</span> <span class='ocrx_word' id='word_1_251' title='bbox 1031 2794 1283 2836; x_wconf 88' lang='lat' dir='ltr'>constantia</span> <span class='ocrx_word' id='word_1_252' title='bbox 1305 2794 1343 2838; x_wconf 99' lang='lat' dir='ltr'><strong><em>S</em></strong></span> <span class='ocrx_word' id='word_1_253' title='bbox 1445 2808 1578 2851; x_wconf 88' lang='lat' dir='ltr'>quam</span> <span class='ocrx_word' id='word_1_254' title='bbox 1601 2795 1686 2839; x_wconf 90' lang='lat' dir='ltr'><strong><em>SG</em></strong></span> <span class='ocrx_word' id='word_1_255' title='bbox 1772 2795 1934 2839; x_wconf 86' lang='lat' dir='ltr'>fiducia</span> <span class='ocrx_word' id='word_1_256' title='bbox 1958 2795 2064 2839; x_wconf 90' lang='lat' dir='ltr'>SW</span> 
     </span>
     <span class='ocr_line' id='line_1_32' title="bbox 261 2855 2146 2924; baseline 0.009 -29"><span class='ocrx_word' id='word_1_257' title='bbox 261 2855 288 2895; x_wconf 79' lang='lat'><strong>5</strong></span> <span class='ocrx_word' id='word_1_258' title='bbox 319 2856 537 2910; x_wconf 87' lang='lat' dir='ltr'>patientia</span> <span class='ocrx_word' id='word_1_259' title='bbox 560 2858 666 2902; x_wconf 79' lang='lat' dir='ltr'>SW</span> <span class='ocrx_word' id='word_1_260' title='bbox 794 2862 820 2904; x_wconf 84' lang='grc'><strong>6</strong></span> <span class='ocrx_word' id='word_1_261' title='bbox 851 2875 944 2905; x_wconf 81' lang='lat' dir='ltr'>csse</span> <span class='ocrx_word' id='word_1_262' title='bbox 965 2864 1078 2907; x_wconf 90' lang='grc'><strong>116116</strong></span> <span class='ocrx_word' id='word_1_263' title='bbox 1100 2880 1126 2908; x_wconf 86' lang='grc' dir='ltr'><strong><em>υ</em></strong></span> <span class='ocrx_word' id='word_1_264' title='bbox 1244 2866 1268 2908; x_wconf 85' lang='grc'>7</span> <span class='ocrx_word' id='word_1_265' title='bbox 1300 2866 1541 2923; x_wconf 87' lang='lat' dir='ltr'>adimplere</span> <span class='ocrx_word' id='word_1_266' title='bbox 1562 2881 1588 2911; x_wconf 88' lang='lat' dir='ltr'><em>v</em></span> <span class='ocrx_word' id='word_1_267' title='bbox 1714 2868 1742 2910; x_wconf 87' lang='grc'>8</span> <span class='ocrx_word' id='word_1_268' title='bbox 1772 2867 1983 2924; x_wconf 89' lang='lat' dir='ltr'>petimus]</span> <span class='ocrx_word' id='word_1_269' title='bbox 2019 2867 2146 2910; x_wconf 87' lang='lat' dir='ltr'>uolu-</span> 
     </span>
     <span class='ocr_line' id='line_1_33' title="bbox 262 2927 2054 2995; baseline 0.008 -27"><span class='ocrx_word' id='word_1_270' title='bbox 262 2941 358 2969; x_wconf 88' lang='lat' dir='ltr'>mus</span> <span class='ocrx_word' id='word_1_271' title='bbox 389 2927 430 2970; x_wconf 99' lang='lat' dir='ltr'><strong><em>G</em></strong></span> <span class='ocrx_word' id='word_1_272' title='bbox 549 2929 574 2971; x_wconf 85' lang='grc'>9</span> <span class='ocrx_word' id='word_1_273' title='bbox 606 2930 927 2975; x_wconf 84' lang='lat' dir='ltr'>incolomitatis</span> <span class='ocrx_word' id='word_1_274' title='bbox 951 2936 1013 2979; x_wconf 63' lang='lat' dir='ltr'>W*</span> <span class='ocrx_word' id='word_1_275' title='bbox 1021 2935 1062 2978; x_wconf 88' lang='lat' dir='ltr'><strong><em>G</em></strong></span> <span class='ocrx_word' id='word_1_276' title='bbox 1195 2937 1246 2979; x_wconf 91' lang='lat'>11</span> <span class='ocrx_word' id='word_1_277' title='bbox 1280 2940 1429 2994; x_wconf 90' lang='lat' dir='ltr'>utruq.</span> <span class='ocrx_word' id='word_1_278' title='bbox 1454 2941 1535 2991; x_wconf 90' lang='lat' dir='ltr'>W,</span> <span class='ocrx_word' id='word_1_279' title='bbox 1568 2941 1714 2995; x_wconf 87' lang='lat' dir='ltr'>utr.aq</span> <span class='ocrx_word' id='word_1_280' title='bbox 1738 2939 1776 2983; x_wconf 92' lang='lat' dir='ltr'><strong><em>S</em></strong></span> <span class='ocrx_word' id='word_1_281' title='bbox 1792 2939 1872 2983; x_wconf 80' lang='lat' dir='ltr'>sed</span> <span class='ocrx_word' id='word_1_282' title='bbox 1894 2953 1920 2982; x_wconf 87' lang='lat' dir='ltr'>a</span> <span class='ocrx_word' id='word_1_283' title='bbox 1941 2953 2054 2983; x_wconf 76' lang='lat' dir='ltr'>corr.</span> 
     </span>
     <span class='ocr_line' id='line_1_34' title="bbox 261 2997 2142 3067; baseline 0.008 -27"><span class='ocrx_word' id='word_1_284' title='bbox 261 2997 307 3040; x_wconf 84' lang='lat' dir='ltr'>id</span> <span class='ocrx_word' id='word_1_285' title='bbox 330 3002 397 3041; x_wconf 87' lang='lat' dir='ltr'>est</span> <span class='ocrx_word' id='word_1_286' title='bbox 419 3002 463 3042; x_wconf 87' lang='lat' dir='ltr'>ct</span> <span class='ocrx_word' id='word_1_287' title='bbox 490 3001 552 3044; x_wconf 88' lang='lat' dir='ltr'><em>W</em></span> <span class='ocrx_word' id='word_1_288' title='bbox 570 3015 602 3044; x_wconf 87' lang='grc'>3.</span> <span class='ocrx_word' id='word_1_289' title='bbox 628 3003 731 3045; x_wconf 65' lang='lat' dir='ltr'>Lm.</span> <span class='ocrx_word' id='word_1_290' title='bbox 871 3005 917 3047; x_wconf 90' lang='lat' dir='ltr'>in</span> <span class='ocrx_word' id='word_1_291' title='bbox 939 3006 1046 3060; x_wconf 69' lang='lat'>(1³⁹0</span> <span class='ocrx_word' id='word_1_292' title='bbox 1068 3009 1131 3063; x_wconf 85' lang='lat' dir='ltr'>et)</span> <span class='ocrx_word' id='word_1_293' title='bbox 1152 3021 1328 3064; x_wconf 88' lang='lat' dir='ltr'>corpore</span> <span class='ocrx_word' id='word_1_294' title='bbox 1349 3011 1547 3067; x_wconf 73' lang='lat' dir='ltr'>Auyust.</span> <span class='ocrx_word' id='word_1_295' title='bbox 1571 3016 1734 3055; x_wconf 73' lang='lat' dir='ltr'>contra</span> <span class='ocrx_word' id='word_1_296' title='bbox 1755 3011 1874 3055; x_wconf 80' lang='lat' dir='ltr'>duas</span> <span class='ocrx_word' id='word_1_297' title='bbox 1895 3012 2021 3067; x_wconf 77' lang='lat' dir='ltr'>epist.</span> <span class='ocrx_word' id='word_1_298' title='bbox 2044 3011 2142 3055; x_wconf 79' lang='lat' dir='ltr'>Pel.</span> 
     </span>
     <span class='ocr_line' id='line_1_35' title="bbox 261 3070 2143 3138; baseline 0.007 -25"><span class='ocrx_word' id='word_1_299' title='bbox 261 3070 285 3112; x_wconf 84' lang='lat' dir='ltr'>l.</span> <span class='ocrx_word' id='word_1_300' title='bbox 312 3084 346 3114; x_wconf 82' lang='lat' dir='ltr'>c.</span> <span class='ocrx_word' id='word_1_301' title='bbox 371 3077 411 3114; x_wconf 80' lang='lat' dir='ltr'>et</span> <span class='ocrx_word' id='word_1_302' title='bbox 434 3077 596 3116; x_wconf 75' lang='lat' dir='ltr'>contra</span> <span class='ocrx_word' id='word_1_303' title='bbox 619 3075 795 3118; x_wconf 69' lang='lat' dir='ltr'>Iulum.</span> <span class='ocrx_word' id='word_1_304' title='bbox 818 3076 973 3132; x_wconf 65' lang='lat' dir='ltr'>Pelaq.</span> <span class='ocrx_word' id='word_1_305' title='bbox 999 3078 1069 3129; x_wconf 93' lang='grc' dir='ltr'>ΙΙ,</span> <span class='ocrx_word' id='word_1_306' title='bbox 1094 3082 1137 3134; x_wconf 86' lang='lat'>3,</span> <span class='ocrx_word' id='word_1_307' title='bbox 1163 3084 1190 3122; x_wconf 89' lang='grc'><strong>6</strong></span> <span class='ocrx_word' id='word_1_308' title='bbox 1294 3083 1338 3124; x_wconf 87' lang='lat' dir='ltr'>et</span> <span class='ocrx_word' id='word_1_309' title='bbox 1359 3096 1441 3138; x_wconf 91' lang='lat' dir='ltr'>spu</span> <span class='ocrx_word' id='word_1_310' title='bbox 1468 3084 1581 3127; x_wconf 82' lang='lat' dir='ltr'>Ws.</span> <span class='ocrx_word' id='word_1_311' title='bbox 1602 3083 1627 3126; x_wconf 85' lang='lat' dir='ltr'>Z.</span> <span class='ocrx_word' id='word_1_312' title='bbox 1651 3097 1707 3126; x_wconf 82' lang='lat' dir='ltr'>m.</span> <span class='ocrx_word' id='word_1_313' title='bbox 1727 3086 1756 3126; x_wconf 76' lang='lat'><strong><em>2</em></strong></span> <span class='ocrx_word' id='word_1_314' title='bbox 1860 3083 1914 3126; x_wconf 82' lang='lat'>12</span> <span class='ocrx_word' id='word_1_315' title='bbox 1944 3083 1993 3126; x_wconf 88' lang='lat' dir='ltr'>in</span> <span class='ocrx_word' id='word_1_316' title='bbox 2015 3097 2143 3127; x_wconf 86' lang='lat' dir='ltr'>carne</span> 
     </span>
     <span class='ocr_line' id='line_1_36' title="bbox 261 3143 2143 3213; baseline 0.009 -29"><span class='ocrx_word' id='word_1_317' title='bbox 261 3143 305 3184; x_wconf 85' lang='lat' dir='ltr'>et</span> <span class='ocrx_word' id='word_1_318' title='bbox 326 3156 406 3198; x_wconf 90' lang='lat' dir='ltr'>spu</span> <span class='ocrx_word' id='word_1_319' title='bbox 430 3143 491 3187; x_wconf 92' lang='lat' dir='ltr'><em>W</em></span> <span class='ocrx_word' id='word_1_320' title='bbox 627 3146 680 3188; x_wconf 91' lang='lat'>13</span> <span class='ocrx_word' id='word_1_321' title='bbox 711 3146 1012 3191; x_wconf 87' lang='lat' dir='ltr'>discordantes</span> <span class='ocrx_word' id='word_1_322' title='bbox 1036 3150 1074 3193; x_wconf 98' lang='lat' dir='ltr'><strong><em>S</em></strong></span> <span class='ocrx_word' id='word_1_323' title='bbox 1090 3151 1236 3206; x_wconf 82' lang='lat' dir='ltr'>(antes</span> <span class='ocrx_word' id='word_1_324' title='bbox 1257 3154 1449 3198; x_wconf 78' lang='lat' dir='ltr'>uidetur</span> <span class='ocrx_word' id='word_1_325' title='bbox 1471 3170 1527 3198; x_wconf 82' lang='grc' dir='ltr'>1η.</span> <span class='ocrx_word' id='word_1_326' title='bbox 1547 3159 1575 3199; x_wconf 80' lang='grc'><em>2</em></span> <span class='ocrx_word' id='word_1_327' title='bbox 1597 3157 1868 3213; x_wconf 81' lang='lat' dir='ltr'>correctum)</span> <span class='ocrx_word' id='word_1_328' title='bbox 1987 3156 2143 3199; x_wconf 83' lang='lat' dir='ltr'>aduer-</span> 
     </span>
     <span class='ocr_line' id='line_1_37' title="bbox 261 3213 2053 3283; baseline 0.01 -28"><span class='ocrx_word' id='word_1_329' title='bbox 261 3226 334 3256; x_wconf 87' lang='lat' dir='ltr'>sus</span> <span class='ocrx_word' id='word_1_330' title='bbox 357 3213 418 3258; x_wconf 86' lang='lat' dir='ltr'><strong><em>Sv</em></strong></span> <span class='ocrx_word' id='word_1_331' title='bbox 507 3216 561 3258; x_wconf 86' lang='lat'>14</span> <span class='ocrx_word' id='word_1_332' title='bbox 592 3218 898 3272; x_wconf 83' lang='lat' dir='ltr'>congressione</span> <span class='ocrx_word' id='word_1_333' title='bbox 917 3219 957 3263; x_wconf 91' lang='lat' dir='ltr'><strong><em>G</em></strong></span> <span class='ocrx_word' id='word_1_334' title='bbox 976 3234 1030 3263; x_wconf 89' lang='lat' dir='ltr'>ne</span> <span class='ocrx_word' id='word_1_335' title='bbox 1052 3222 1157 3265; x_wconf 78' lang='lat' dir='ltr'>add.</span> <span class='ocrx_word' id='word_1_336' title='bbox 1177 3238 1231 3267; x_wconf 88' lang='lat' dir='ltr'>m.</span> <span class='ocrx_word' id='word_1_337' title='bbox 1251 3227 1283 3267; x_wconf 76' lang='lat'><strong><em>2</em></strong></span> <span class='ocrx_word' id='word_1_338' title='bbox 1372 3228 1424 3269; x_wconf 89' lang='lat' dir='ltr'>ut</span> <span class='ocrx_word' id='word_1_339' title='bbox 1440 3226 1546 3270; x_wconf 90' lang='lat' dir='ltr'>dum</span> <span class='ocrx_word' id='word_1_340' title='bbox 1564 3226 1616 3279; x_wconf 88' lang='lat' dir='ltr'>G,</span> <span class='ocrx_word' id='word_1_341' title='bbox 1637 3226 1710 3270; x_wconf 91' lang='lat' dir='ltr'>dei</span> <span class='ocrx_word' id='word_1_342' title='bbox 1728 3227 1765 3271; x_wconf 90' lang='lat' dir='ltr'><strong><em>S</em></strong></span> <span class='ocrx_word' id='word_1_343' title='bbox 1778 3227 1911 3283; x_wconf 81' lang='lat' dir='ltr'>(corr.</span> <span class='ocrx_word' id='word_1_344' title='bbox 1930 3242 1985 3272; x_wconf 86' lang='lat' dir='ltr'>m.</span> <span class='ocrx_word' id='word_1_345' title='bbox 2004 3229 2053 3283; x_wconf 78' lang='lat'>2)</span> 
     </span>
     <span class='ocr_line' id='line_1_38' title="bbox 261 3284 2053 3354; baseline 0.01 -28"><span class='ocrx_word' id='word_1_346' title='bbox 261 3298 340 3339; x_wconf 89' lang='lat' dir='ltr'>spu</span> <span class='ocrx_word' id='word_1_347' title='bbox 364 3284 400 3329; x_wconf 82' lang='lat' dir='ltr'><strong><em>S</em></strong></span> <span class='ocrx_word' id='word_1_348' title='bbox 500 3287 554 3330; x_wconf 89' lang='grc'>16</span> <span class='ocrx_word' id='word_1_349' title='bbox 584 3288 778 3342; x_wconf 89' lang='lat' dir='ltr'>petimus</span> <span class='ocrx_word' id='word_1_350' title='bbox 803 3289 889 3333; x_wconf 89' lang='lat' dir='ltr'><strong><em>SG</em></strong></span> <span class='ocrx_word' id='word_1_351' title='bbox 910 3295 951 3334; x_wconf 82' lang='lat' dir='ltr'>et</span> <span class='ocrx_word' id='word_1_352' title='bbox 971 3291 1169 3348; x_wconf 71' lang='lat' dir='ltr'>Auyust.</span> <span class='ocrx_word' id='word_1_353' title='bbox 1192 3299 1387 3351; x_wconf 78' lang='lat' dir='ltr'>utroque</span> <span class='ocrx_word' id='word_1_354' title='bbox 1409 3298 1526 3354; x_wconf 86' lang='lat' dir='ltr'>loco,</span> <span class='ocrx_word' id='word_1_355' title='bbox 1559 3298 1755 3354; x_wconf 90' lang='lat' dir='ltr'>petimus</span> <span class='ocrx_word' id='word_1_356' title='bbox 1776 3299 2053 3354; x_wconf 70' lang='lat' dir='ltr'>inpenseW‘v</span> 
     </span>
     <span class='ocr_line' id='line_1_39' title="bbox 259 3355 2057 3416; baseline 0.01 -18"><span class='ocrx_word' id='word_1_357' title='bbox 259 3355 375 3400; x_wconf 85' lang='lat' dir='ltr'>inter</span> <span class='ocrx_word' id='word_1_358' title='bbox 396 3370 475 3400; x_wconf 86' lang='lat' dir='ltr'>om.</span> <span class='ocrx_word' id='word_1_359' title='bbox 502 3359 563 3402; x_wconf 89' lang='lat' dir='ltr'><em>W</em></span> <span class='ocrx_word' id='word_1_360' title='bbox 722 3361 775 3404; x_wconf 85' lang='lat'>17</span> <span class='ocrx_word' id='word_1_361' title='bbox 807 3363 859 3404; x_wconf 89' lang='lat' dir='ltr'>ut</span> <span class='ocrx_word' id='word_1_362' title='bbox 880 3375 935 3405; x_wconf 67' lang='lat' dir='ltr'>eac</span> <span class='ocrx_word' id='word_1_363' title='bbox 957 3364 1001 3405; x_wconf 88' lang='lat' dir='ltr'>et</span> <span class='ocrx_word' id='word_1_364' title='bbox 1023 3362 1060 3406; x_wconf 90' lang='lat' dir='ltr'><strong><em>S</em></strong></span> <span class='ocrx_word' id='word_1_365' title='bbox 1077 3378 1131 3407; x_wconf 85' lang='lat' dir='ltr'>m.</span> <span class='ocrx_word' id='word_1_366' title='bbox 1155 3368 1188 3408; x_wconf 80' lang='lat'><strong><em>2</em></strong></span> <span class='ocrx_word' id='word_1_367' title='bbox 1333 3370 1377 3411; x_wconf 92' lang='lat' dir='ltr'>et</span> <span class='ocrx_word' id='word_1_368' title='bbox 1398 3383 1478 3413; x_wconf 82' lang='lat' dir='ltr'>om.</span> <span class='ocrx_word' id='word_1_369' title='bbox 1512 3370 1554 3414; x_wconf 89' lang='lat' dir='ltr'><strong><em>G</em></strong></span> <span class='ocrx_word' id='word_1_370' title='bbox 1709 3371 1863 3414; x_wconf 90' lang='lat' dir='ltr'>in—in</span> <span class='ocrx_word' id='word_1_371' title='bbox 1886 3384 1966 3414; x_wconf 86' lang='lat' dir='ltr'>om.</span> <span class='ocrx_word' id='word_1_372' title='bbox 1992 3372 2057 3416; x_wconf 90' lang='lat' dir='ltr'><em>W</em></span> 
     </span>
     <span class='ocr_line' id='line_1_40' title="bbox 258 3427 2135 3499; baseline 0.009 -30"><span class='ocrx_word' id='word_1_373' title='bbox 258 3427 449 3484; x_wconf 87' lang='lat' dir='ltr'>geritur]</span> <span class='ocrx_word' id='word_1_374' title='bbox 472 3429 666 3474; x_wconf 89' lang='lat' dir='ltr'>creditur</span> <span class='ocrx_word' id='word_1_375' title='bbox 688 3430 726 3475; x_wconf 90' lang='lat' dir='ltr'><strong><em>S</em></strong></span> <span class='ocrx_word' id='word_1_376' title='bbox 832 3433 886 3476; x_wconf 88' lang='grc'>18</span> <span class='ocrx_word' id='word_1_377' title='bbox 916 3437 1164 3479; x_wconf 87' lang='lat' dir='ltr'>reseruetur</span> <span class='ocrx_word' id='word_1_378' title='bbox 1186 3437 1248 3488; x_wconf 94' lang='lat' dir='ltr'>V,</span> <span class='ocrx_word' id='word_1_379' title='bbox 1269 3443 1499 3495; x_wconf 86' lang='lat' dir='ltr'>reparetur</span> <span class='ocrx_word' id='word_1_380' title='bbox 1521 3442 1616 3486; x_wconf 79' lang='lat' dir='ltr'>cod.</span> <span class='ocrx_word' id='word_1_381' title='bbox 1642 3442 1788 3487; x_wconf 79' lang='lat' dir='ltr'>Vatic.</span> <span class='ocrx_word' id='word_1_382' title='bbox 1812 3431 2007 3499; x_wconf 62' lang='lat' dir='ltr'>Auyust.</span> <span class='ocrx_word' id='word_1_383' title='bbox 2032 3456 2065 3487; x_wconf 86' lang='lat' dir='ltr'>c.</span> <span class='ocrx_word' id='word_1_384' title='bbox 2090 3442 2135 3486; x_wconf 80' lang='lat' dir='ltr'>d.</span> 
     </span>
     <span class='ocr_line' id='line_1_41' title="bbox 259 3499 2138 3571; baseline 0.011 -30"><span class='ocrx_word' id='word_1_385' title='bbox 259 3499 384 3553; x_wconf 61' lang='lat' dir='ltr'>epist.</span> <span class='ocrx_word' id='word_1_386' title='bbox 408 3501 503 3543; x_wconf 86' lang='lat' dir='ltr'>Pel.</span> <span class='ocrx_word' id='word_1_387' title='bbox 528 3501 556 3544; x_wconf 78' lang='lat' dir='ltr'>l.</span> <span class='ocrx_word' id='word_1_388' title='bbox 580 3516 614 3546; x_wconf 86' lang='lat' dir='ltr'>c.</span> <span class='ocrx_word' id='word_1_389' title='bbox 707 3502 806 3559; x_wconf 87' lang='lat' dir='ltr'>adq.</span> <span class='ocrx_word' id='word_1_390' title='bbox 829 3504 1066 3549; x_wconf 87' lang='lat' dir='ltr'>manifeste</span> <span class='ocrx_word' id='word_1_391' title='bbox 1087 3520 1169 3550; x_wconf 85' lang='lat' dir='ltr'>om.</span> <span class='ocrx_word' id='word_1_392' title='bbox 1200 3508 1242 3552; x_wconf 88' lang='lat' dir='ltr'><strong><em>G</em></strong></span> <span class='ocrx_word' id='word_1_393' title='bbox 1367 3512 1421 3555; x_wconf 88' lang='grc'>19</span> <span class='ocrx_word' id='word_1_394' title='bbox 1454 3526 1533 3556; x_wconf 84' lang='lat' dir='ltr'>sua</span> <span class='ocrx_word' id='word_1_395' title='bbox 1559 3514 1668 3558; x_wconf 82' lang='lat' dir='ltr'>Ws.</span> <span class='ocrx_word' id='word_1_396' title='bbox 1688 3515 1715 3558; x_wconf 84' lang='lat' dir='ltr'>l.</span> <span class='ocrx_word' id='word_1_397' title='bbox 1739 3528 1794 3558; x_wconf 86' lang='lat' dir='ltr'>m.</span> <span class='ocrx_word' id='word_1_398' title='bbox 1812 3517 1846 3558; x_wconf 79' lang='lat'><strong><em>2</em></strong></span> <span class='ocrx_word' id='word_1_399' title='bbox 1952 3515 2009 3558; x_wconf 82' lang='lat'>22</span> <span class='ocrx_word' id='word_1_400' title='bbox 2038 3515 2138 3571; x_wconf 81' lang='lat' dir='ltr'>ipsa</span> 
     </span>
    </p>
   </div>
   <div class='ocr_carea' id='block_1_8' title="bbox 253 3570 2123 3697">
    <p class='ocr_par' dir='ltr' id='par_1_9' title="bbox 253 3570 2123 3697">
     <span class='ocr_line' id='line_1_42' title="bbox 257 3570 2123 3636; baseline 0.01 -24"><span class='ocrx_word' id='word_1_401' title='bbox 257 3570 453 3626; x_wconf 74' lang='lat' dir='ltr'>Auyust.</span> <span class='ocrx_word' id='word_1_402' title='bbox 478 3572 503 3615; x_wconf 90' lang='lat' dir='ltr'>l.</span> <span class='ocrx_word' id='word_1_403' title='bbox 524 3586 581 3625; x_wconf 88' lang='lat' dir='ltr'>c.,</span> <span class='ocrx_word' id='word_1_404' title='bbox 615 3573 697 3617; x_wconf 85' lang='lat' dir='ltr'>illa</span> <span class='ocrx_word' id='word_1_405' title='bbox 716 3575 861 3618; x_wconf 81' lang='lat' dir='ltr'>altero</span> <span class='ocrx_word' id='word_1_406' title='bbox 882 3576 908 3619; x_wconf 84' lang='lat' dir='ltr'>l.</span> <span class='ocrx_word' id='word_1_407' title='bbox 1050 3577 1184 3634; x_wconf 86' lang='lat' dir='ltr'>facta]</span> <span class='ocrx_word' id='word_1_408' title='bbox 1207 3592 1339 3636; x_wconf 85' lang='lat' dir='ltr'>opera</span> <span class='ocrx_word' id='word_1_409' title='bbox 1361 3583 1450 3627; x_wconf 86' lang='lat' dir='ltr'>Wv</span> <span class='ocrx_word' id='word_1_410' title='bbox 1594 3585 1650 3629; x_wconf 83' lang='lat'>23</span> <span class='ocrx_word' id='word_1_411' title='bbox 1679 3585 1990 3631; x_wconf 86' lang='lat' dir='ltr'>fornicationis</span> <span class='ocrx_word' id='word_1_412' title='bbox 2012 3585 2051 3630; x_wconf 88' lang='lat' dir='ltr'><strong><em>S</em></strong></span> <span class='ocrx_word' id='word_1_413' title='bbox 2121 3609 2123 3613; x_wconf 96' lang='lat'>·</span> 
     </span>
     <span class='ocr_line' id='line_1_43' title="bbox 253 3640 993 3697; baseline 0.011 -14"><span class='ocrx_word' id='word_1_414' title='bbox 253 3640 314 3683; x_wconf 85' lang='lat'>24</span> <span class='ocrx_word' id='word_1_415' title='bbox 345 3641 578 3687; x_wconf 84' lang='lat' dir='ltr'>idolatriae</span> <span class='ocrx_word' id='word_1_416' title='bbox 602 3646 680 3697; x_wconf 91' lang='lat' dir='ltr'>W,</span> <span class='ocrx_word' id='word_1_417' title='bbox 713 3644 924 3690; x_wconf 82' lang='lat' dir='ltr'>idolatria</span> <span class='ocrx_word' id='word_1_418' title='bbox 952 3647 993 3691; x_wconf 92' lang='lat' dir='ltr'><strong><em>G</em></strong></span> 
     </span>
    </p>
   </div>
   <div class='ocr_carea' id='block_1_9' title="bbox 2274 3608 2332 3978">
    <p class='ocr_par' dir='ltr' id='par_1_10' title="bbox 2274 3608 2332 3978">
     <span class='ocr_line' id='line_1_44' title="bbox 2274 3608 2332 3978; baseline 0 0"><span class='ocrx_word' id='word_1_419' title='bbox 2274 3608 2332 3978; x_wconf 95' lang='lat' dir='ltr'> </span> 
     </span>
    </p>
   </div>
  </div>
 </body>
</html>
