2332 3978
284 253 408 308 ‘700
962 251 1208 299 Caecilii
1245 252 1518 312 Cypriani

246 404 247 407 ¹
297 381 516 452 largiter
540 382 771 437 subsidia
795 383 1094 437 nummaria
1108 383 1358 439 fratribus
1378 384 1724 454 contulerunt,
1750 400 1951 454 semper
1970 386 2183 454 quidem

229 483 234 497 ’
291 469 584 522 secundum
610 469 731 522 fidei
756 485 879 523 suae
905 469 1213 524 firmitatem
1247 470 1314 524 ad
1349 485 1475 538 opus
1500 470 1599 524 Dei
1633 471 1797 539 proni,
1835 487 1971 526 nunc
2007 473 2185 527 tamen

297 555 467 624 magis
518 555 584 608 ad
621 570 772 623 opera
810 555 1060 609 salutaria
1097 556 1531 623 contemplatione
1568 556 1702 610 tanti
1741 557 1930 610 doloris
1968 557 2183 612 accensi.

296 656 418 693 nam
445 656 564 694 cum
588 634 842 694 Dominus
879 643 933 695 in
973 641 1241 711 euangelio
1276 657 1368 695 suo
1406 642 1570 696 dicat:
1610 642 1923 696 infirmus
1960 643 2083 709 fui,
2123 645 2185 698 et

297 727 646 780 uisitastis
694 744 813 793 me,
873 728 1065 795 quanto
1114 742 1232 780 cum
1279 727 1470 781 maiore
1517 728 1684 795 operis
1732 729 1897 783 nostri
1943 730 2175 783 mercede
2192 748 2211 779 ⁵

297 813 531 867 dicturus
580 814 686 868 est:
741 814 1046 881 captiuus
1093 813 1215 882 fui,
1273 816 1336 867 et
1382 814 1765 868 redemistis
1813 831 1919 868 me.
1976 817 2028 869 et
2065 832 2184 869 cum

296 899 461 952 denuo
510 900 673 954 dicat:
723 901 788 954 in
837 916 1093 954 carcere
1141 900 1266 965 fui,
1325 901 1386 953 et
1424 900 1771 955 uisitastis
1820 918 1940 970 me,
1991 903 2182 969 quanto

295 986 414 1053 plus
442 988 520 1039 est
549 1002 667 1039 cum
706 987 928 1054 coeperit
967 986 1158 1040 dicere:
1198 987 1262 1039 in
1300 1002 1556 1040 carcere
1595 987 2027 1055 captiuitatis
2066 987 2181 1052 fui,

289 1072 359 1124 *et
396 1073 660 1126 clausus
710 1074 772 1126 et
819 1073 1086 1126 uinctus
1142 1072 1308 1139 apud
1347 1072 1677 1127 ·barbaros
1733 1074 1931 1138 iacui,
1991 1075 2052 1127 et
2110 1075 2183 1127 de

290 1173 544 1212 carcere
580 1159 703 1211 illo
742 1158 1098 1212 seruitutis
1136 1159 1484 1212 liberastis
1521 1175 1641 1225 me,
1692 1177 1810 1214 cum
1848 1160 2028 1213 iudicii
2067 1161 2239 1214 dies10

293 1245 495 1298 uenerit
520 1246 810 1313 praemium
836 1246 899 1298 de
926 1245 1145 1298 Domino
1172 1246 1468 1313 recepturi?
1508 1245 1725 1313 denique
1751 1246 2003 1300 maximas
2030 1247 2178 1300 uobis

295 1331 492 1401 gratias
531 1332 735 1401 agimus
762 1332 899 1399 quod
924 1346 1014 1385 nos
1056 1332 1259 1385 uestrae
1296 1332 1662 1386 sollicitudinis
1699 1334 1750 1386 et
1786 1334 1896 1386 tam
1931 1333 2092 1386 bonae
2129 1335 2180 1386 et

278 1418 603 1471 ‘necessariae
630 1419 939 1485 operationis
965 1418 1241 1486 participes
1268 1434 1376 1472 esse
1397 1419 1653 1484 uoluistis,
1682 1420 1741 1472 ut
1761 1419 2012 1473 offerretis
2034 1419 2180 1472 nobis

294 1519 450 1573 agros
487 1505 684 1569 ubereS‚
721 1505 775 1558 in
802 1506 989 1572 quibus
1017 1505 1125 1572 spei
1151 1506 1354 1558 nostrae
1381 1506 1579 1559 semina
1617 1506 1960 1570 mitteremuS,
2001 1521 2180 1573 expec-

296 1592 461 1643 taturi
487 1607 708 1645 messem
744 1592 806 1644 de
845 1592 1184 1660 amplissimis
1222 1591 1478 1646 fructibus
1518 1593 1607 1660 qui
1646 1594 1708 1646 de
1745 1593 1840 1645 hac
1880 1592 2090 1646 caelesti
2129 1594 2238 1646 0115
2320 1654 2321 1657 ¹

293 1677 511 1730 salutari
549 1678 841 1745 operatione
868 1678 1191 1746 proueniunt.
1238 1679 1478 1732 misimus
1504 1681 1681 1732 autem
1708 1675 1958 1732 sestertia
1975 1679 2181 1731 centum

292 1764 444 1817 milia
469 1781 818 1829 nummorum,
847 1781 977 1832 quae
1002 1766 1124 1818 istic
1148 1765 1203 1817 in
1229 1765 1444 1819 ecclesia
1470 1766 1553 1819 cui
1581 1767 1642 1818 de
1668 1765 1879 1818 Domini
1905 1765 2181 1834 indulgen-

291 1850 369 1903 tia
413 1867 716 1917 praesumus
763 1851 886 1904 cleri
930 1853 983 1905 et
1026 1852 1193 1919 plebis
1237 1853 1373 1919 apud
1407 1867 1498 1905 nos
1535 1852 1862 1905 consistentis
1906 1852 2179 1905 collatione

297 1937 517 1990 collecta
545 1939 681 2002 sunt,
710 1954 839 2005 quae
866 1953 957 1991 uos
984 1938 1095 1991 illic
1121 1954 1211 2006 pro
1239 1939 1411 1991 uestra
1438 1939 1710 2008 diligentia
1738 1938 2120 2006 dispensabitis,

232 2032 272 2081 -35
364 2025 433 2076 Et
461 2026 702 2092 optamus
730 2024 940 2092 quidem
966 2025 1100 2077 nihil
1126 2025 1231 2079 tale
1259 2026 1320 2078 de
1348 2026 1515 2078 cetero
1544 2025 1655 2078 fieri
1682 2026 1733 2077 et
1760 2024 1947 2078 fratres
1973 2025 2172 2078 nostros
2197 2040 2239 2074 20

291 2110 503 2164 Domini
552 2110 824 2164 maiestate
873 2112 1129 2180 protectos
1180 2111 1242 2165 ab
1295 2111 1549 2165 eiusmodi
1597 2111 1840 2179 periculis
1890 2112 2175 2164 incolumes

289 2197 555 2249 reseruari.
604 2197 648 2249 si
684 2198 857 2250 tamen
897 2197 963 2251 ad
990 2199 1356 2265 explorandam
1401 2199 1563 2252 animi
1607 2198 1770 2251 nostri
1816 2198 2090 2251 caritatem
2125 2198 2176 2250 et

290 2284 683 2337 examinandam
723 2285 888 2338 nostri
923 2286 1143 2352 pectoris
1169 2285 1324 2338 fidem
1351 2286 1459 2338 tale
1485 2285 1683 2352 aliquid
1710 2284 1970 2349 acciderit,
2014 2284 2175 2337 nolite

283 2371 523 2424 cunctari
551 2370 789 2423 nuntiare
815 2371 940 2424 haec
966 2371 1113 2424 nobis
1149 2371 1342 2424 litteris
1379 2371 1585 2435 uestris,
1622 2387 1712 2438 pro
1751 2372 1888 2424 certo
1924 2370 2172 2423 habentes

282 2457 341 2509 vet
377 2457 593 2510 scientes
639 2457 909 2510 ecclesiam
952 2459 1182 2511 nostram
1219 2459 1271 2511 et
1306 2457 1688 2510 fraternitatem
1722 2457 1842 2510 istic
1878 2456 2172 2509 uniuersam
2189 2473 2230 2505 2⁵

287 2559 351 2595 ne
388 2543 511 2595 haec
550 2544 690 2595 ultra
726 2543 853 2596 fiant
889 2544 1127 2612 precibus
1166 2559 1324 2608 orare,
1364 2545 1407 2596 si
1446 2544 1586 2597 facta
1620 2543 1827 2608 fuerint,
1866 2542 2087 2596 libenter
2122 2545 2173 2597 et

288 2628 506 2697 largiter
532 2627 764 2682 subsidia
789 2630 1064 2696 praestare.
1103 2631 1163 2683 ut
1197 2632 1374 2683 autem
1409 2631 1595 2683 fratres
1631 2631 1830 2682 nostros
1866 2645 1925 2682 ac
1960 2644 2170 2694 sororeS‚

286 2715 377 2781 qui
425 2716 490 2767 ad
535 2716 630 2768 hoc
675 2730 801 2782 opus
837 2716 948 2769 tam
984 2718 1328 2769 necessarium
1364 2718 1602 2785 prompte
1638 2732 1696 2769 ac
1730 2716 1954 2769 libenter
1978 2716 2174 2783 operati

282 2804 428 2871 sunt,
458 2805 518 2856 ut
547 2818 749 2873 semper
776 2806 1065 2872 operentur,
1093 2804 1148 2857 in
1172 2805 1343 2857 mente
1368 2804 1605 2858 habeatis
1632 2803 1948 2857 orationibus
1983 2802 2171 2855 uestris

458 2974 487 3017 4
517 2974 682 3018 Matth.
714 2975 784 3027 25,
818 2976 885 3019 36.

373 3117 399 3159 1
420 3118 623 3160 numaria
644 3134 675 3173 μ
888 3118 916 3161 5
937 3118 1122 3174 quanto]
1146 3131 1261 3161 nunc
1282 3130 1456 3173 quoque
1477 3116 1586 3160 add.
1608 3131 1634 3161 v
1852 3116 1878 3158 6
1900 3116 1946 3158 et
1967 3128 2066 3158 cum
2093 3148 2101 3157 .
2122 3149 2129 3157 .
2150 3149 2159 3157 .

283 3188 508 3231 uisitastis
539 3201 609 3231 me
630 3203 711 3232 om.
735 3203 760 3232 r
891 3189 916 3232 7
939 3178 1165 3232 uisitastis
1188 3206 1233 3245 μ,
1266 3188 1456 3232 uenistis
1477 3188 1534 3231 ad
1554 3203 1580 3232 v
1712 3189 1740 3231 8
1763 3188 1878 3244 011111]
1909 3200 2066 3243 equom
2088 3200 2113 3230 r

285 3259 333 3303 in
354 3272 522 3303 carcere
544 3261 591 3303 in
613 3274 783 3304 carcere
806 3277 837 3316 μ
1011 3261 1038 3303 9
1060 3261 1208 3303 clusus
1231 3277 1262 3317 μ
1440 3260 1495 3303 10
1515 3260 1631 3316 011111]
1665 3272 1797 3315 quom
1818 3273 1844 3302 r
1864 3264 1916 3303 ut
1936 3272 2112 3315 semper

285 3331 341 3374 12
363 3334 410 3375 et
430 3332 491 3388 n.]
524 3345 574 3375 ac
594 3332 866 3375 necessariae
886 3346 913 3376 v
1144 3331 1430 3388 operationis]
1465 3331 1682 3375 orationis
1703 3345 1762 3387 νμ
1997 3331 2050 3374 16
2072 3343 2168 3386 per-

283 3403 473 3447 ueniunt
493 3418 518 3447 r
700 3404 959 3448 sestertium
981 3418 1014 3448 0.
1039 3417 1097 3447 111.
1120 3417 1351 3447 nummum
1381 3404 1587 3447 Gronou.
1611 3404 1683 3448 lib.
1706 3403 1779 3447 De
1800 3407 1902 3447 sest.
1926 3417 1973 3446 n.
1995 3405 2053 3446 18

285 3475 338 3518 17
361 3476 448 3531 cui]
472 3475 633 3531 quibus
653 3489 678 3518 r
884 3477 943 3519 20
962 3475 1141 3531 quidem
1162 3475 1296 3532 nihil]
1319 3488 1373 3518 ne
1396 3473 1504 3530 quid
1524 3488 1549 3518 r
1751 3475 1808 3518 22
1829 3471 2087 3530 explorandi
2109 3485 2168 3528 νμ

284 3547 429 3591 nostri
451 3548 590 3591 animi
610 3563 637 3593 v
808 3549 866 3593 23
883 3547 1163 3593 examinandi
1183 3561 1209 3592 r
1380 3548 1439 3592 25
1459 3550 1504 3592 et
1524 3548 1717 3593 scientes
1738 3560 1822 3592 om.
1843 3561 1870 3592 v
1973 3600 1984 3604 ἢ
2041 3545 2098 3588 29
2120 3544 2171 3588 in

278 3618 563 3664 orationibus
583 3633 609 3663 v
