2332 3978
218 311 226 319 2
313 275 421 331 664
1009 274 1253 320 Caecilii
1283 274 1559 332 Cypriani

316 403 464 457 nobis
496 403 747 456 indicitur
772 402 872 456 Dei
898 405 1069 458 castra
1093 405 1386 473 procedant.
1416 405 1683 459 armentur
1707 405 1918 477 integri,
1945 424 2008 462 ne
2033 407 2218 477 perdat

320 489 526 558 integer
552 488 688 556 quod
713 504 875 556 nuper
900 489 1064 544 stetit.
1091 491 1356 544 armentur
1380 492 1432 544 et
1458 490 1606 558 lapsi,
1634 491 1695 544 ut
1719 487 1781 545 et
1796 492 1974 562 lapsus
1999 494 2223 563 recipiat

320 575 461 643 quod
501 575 696 629 amisit.
735 574 965 644 integros
991 575 1179 639 honor,
1215 577 1387 644 lapsos
1413 577 1559 630 dolor
1584 577 1650 630 ad
1674 577 1928 646 proelium
1952 580 2210 648 prouocet.
2276 627 2277 630 ,

317 661 513 714 armari
543 663 596 714 et
620 661 793 728 parari
817 676 907 714 nos
933 661 1114 715 beatus
1139 663 1401 730 apostolus
1428 663 1575 716 docet
1600 663 1771 717 dicens
1790 682 1802 717 ε
1838 681 1872 717 n
1886 680 1914 718 o
1927 681 1962 718 n
1988 682 2014 718 e
2026 666 2086 719 st
2110 682 2144 719 n
2155 682 2212 720 o-
2280 676 2287 711 t

319 750 352 802 b
369 749 424 802 is
465 748 881 802 conluctatio
920 749 1231 802 aduersus
1270 765 1523 803 carnem
1562 750 1623 803 et
1661 751 2059 820 sanguinem,
2098 753 2208 806 sed
2243 773 2264 807 ε

325 835 559 888 aduers
575 851 643 887 us
700 835 1037 902 potestate
1053 850 1076 887 s
1134 835 1197 887 et
1246 835 1578 903 principes
1633 835 1828 889 huius
1883 837 2099 891 mundi
2151 839 2214 892 et
2299 831 2302 835 ’

322 922 552 974 harum
590 920 1034 985 tenebrarum,
1086 920 1398 975 aduersus
1446 921 1730 989 spiritus
1768 923 2106 990 nequitiae
2144 924 2213 978 in
2289 931 2291 934 ‘

329 1008 762 1062 caelestibus.
827 1009 1095 1076 propter
1150 1008 1314 1075 quod
1378 1008 1640 1062 induite
1692 1010 1834 1063 tota
1888 1025 2088 1074 arma,
2147 1012 2220 1064 ut
2280 1031 2332 1094 *33

327 1094 611 1164 possitis
649 1094 962 1146 resistere
1000 1094 1064 1146 in
1104 1093 1204 1147 die
1240 1095 1669 1162 nequissimo,
1720 1098 1791 1149 ut
1830 1112 1968 1149 cum
2006 1098 2218 1151 omnia
2306 1097 2332 1171 3

304 1175 306 1177 ’
324 1170 754 1249 perfeceritis
794 1181 991 1233 stetis
1030 1180 1318 1234 adcincti
1356 1181 1614 1234 lumbos
1653 1183 1909 1235 uestros
1948 1183 2013 1236 in
2051 1183 2216 1236 ueri·
2236 1203 2279 1236 10
2308 1171 2332 1245 ³3³}

326 1268 492 1331 tate,
546 1266 771 1319 induti
819 1267 1091 1319 loricam
1138 1266 1453 1321 iustitiae
1503 1269 1567 1321 et
1605 1269 1886 1322 calciati
1924 1269 2116 1337 pedes
2152 1270 2217 1322 in
2315 1266 2326 1274 “

329 1354 841 1421 praeparatione
878 1354 1063 1420 pacis
1102 1354 1466 1423 euangelii,
1510 1353 1928 1408 adsumentes
1966 1357 2222 1408 scutum

328 1439 518 1504 fidei,
559 1441 624 1492 in
663 1455 780 1508 quo
834 1441 1113 1509 possitis
1167 1442 1380 1494 omnia
1430 1442 1647 1511 ignita
1697 1442 1915 1495 iacula
1963 1442 2224 1510 nequis-

328 1526 477 1579 simi
507 1527 903 1595 extinguere
930 1529 990 1579 et
1028 1528 1275 1596 galeam
1316 1527 1560 1581 salutis
1598 1529 1659 1581 et
1697 1528 1985 1597 gladium
2024 1528 2223 1596 spiri-

335 1614 468 1678 tus,
513 1614 624 1680 qui
664 1614 761 1666 est
800 1629 1005 1667 sermo
1044 1615 1178 1667 Dei.
2245 1633 2285 1665 1⁵

279 1706 312 1756 9
417 1701 561 1753 Haec
587 1717 730 1753 arma
757 1716 1037 1765 sumamus,
1066 1702 1147 1754 his
1174 1716 1264 1754 nos
1291 1702 1600 1755 tutamentis
1636 1702 1960 1770 spiritalibus
1988 1702 2039 1754 et
2064 1702 2230 1756 caele-

332 1789 499 1841 stibus
537 1788 848 1852 muniamuS‚
891 1790 950 1841 ut
977 1788 1033 1840 in
1060 1788 1142 1841 die
1169 1789 1482 1855 nequissimo
1510 1789 1746 1842 resistere
1773 1789 1966 1842 diaboli
1990 1788 2146 1841 minis
2174 1789 2226 1842 et

332 1890 617 1943 repugnare
636 1875 907 1940 possimus.
938 1874 1213 1928 induamus
1234 1875 1448 1928 loricam
1467 1875 1717 1939 iustitiae,
1740 1876 1800 1927 ut
1822 1876 1995 1928 contra
2015 1874 2218 1927 inimici

333 1963 500 2015 iacula
526 1962 785 2014 munitum
811 1961 880 2014 sit
905 1962 1083 2029 pectus
1112 1963 1163 2014 et
1188 1963 1379 2014 tutum.
1423 1962 1627 2015 calciati
1655 1962 1760 2014 sint
1786 1961 2079 2030 euangelico
2106 1976 2218 2013 ma-

336 2049 549 2117 gisterio
574 2049 625 2100 et
652 2048 841 2100 armati
867 2049 1038 2115 pedeS‚
1066 2049 1126 2100 ut
1151 2064 1270 2101 cum
1296 2063 1501 2115 serpens
1541 2048 1727 2100 calcari
1754 2063 1784 2100 a
1809 2047 1955 2100 nobis
1982 2048 2033 2100 et
2053 2046 2218 2099 obteri
2242 2065 2287 2098 20

337 2135 586 2201 coeperit,
628 2135 858 2187 mordere
894 2135 946 2187 et
993 2134 1322 2201 subplantare
1360 2151 1461 2187 non
1495 2136 1675 2201 possit.
1714 2134 1977 2201 portemus
2020 2132 2226 2186 fortiter

337 2223 543 2274 scutum
583 2221 728 2284 fidei,
768 2235 866 2287 quo
901 2221 1202 2289 protegente
1238 2220 1488 2288 quidquid
1515 2220 1771 2273 iaculatur
1795 2220 2036 2272 inimicus
2061 2219 2227 2286 possit

338 2307 586 2376 extingui.
615 2307 928 2374 accipiamus
956 2322 1154 2374 quoque
1176 2307 1241 2360 ad
1261 2308 1623 2376 tegumentum
1645 2307 1827 2374 capitis
1847 2307 2049 2375 galeam
2071 2306 2227 2373 spiri·-

346 2396 523 2457 talem‚
551 2395 611 2446 ut
636 2394 940 2446 muniantur
967 2409 1133 2457 aureS‚
1161 2409 1223 2445 ne
1249 2393 1464 2446 audiant
1490 2393 1658 2445 edicta
1683 2393 1889 2461 feralia,
1930 2392 2233 2445 muniantur

346 2481 497 2542 oculi,
519 2498 582 2533 ne
604 2480 817 2532 uideant
838 2480 1137 2532 detestanda
1157 2480 1448 2543 simulacra,
1477 2480 1743 2532 muniatur
1762 2479 1915 2542 fronS‚
1944 2480 2003 2530 ut
2024 2479 2233 2547 signum
2249 2499 2294 2532 25

342 2569 438 2620 Dei
466 2567 722 2620 incolume
748 2567 999 2631 seruetur,
1028 2565 1294 2619 muniatur
1314 2580 1383 2631 os,
1411 2566 1471 2618 ut
1491 2565 1774 2619 Dominum
1795 2580 1946 2617 suum
1969 2563 2233 2617 Christum

2300 1411 2311 1446 l

512 2754 541 2797 4
572 2753 682 2809 Eph.
718 2753 756 2804 e,
793 2752 974 2796 12-17.

435 2929 458 2970 1
482 2926 707 2982 indigitur
729 2926 773 2970 R
946 2924 1018 2968 dei
1050 2938 1163 2969 eras.
1187 2925 1239 2967 in
1269 2923 1318 2981 Q,
1342 2923 1395 2967 de
1418 2923 1477 2966 M
1647 2922 1808 2967 castris
1830 2923 1890 2965 M
1905 2922 1981 2965 sed
2004 2922 2042 2964 is
2064 2922 2116 2965 in
2138 2934 2228 2965 ras.

350 3000 518 3055 (castra
545 2998 598 3054 Q)
717 2997 746 3040 4
766 2996 1022 3053 praeparari
1043 3011 1068 3040 v
1187 2994 1414 3051 apostolus
1436 2994 1596 3050 paulus
1624 2994 1673 3051 Q,
1696 2994 1855 3051 paulus
1877 2993 2104 3050 apostolus
2126 2993 2171 3037 R

355 3070 481 3114 docet
503 3084 584 3113 om.
617 3070 744 3126 Q¹M‚
766 3070 915 3111 monet
942 3067 1000 3125 0²
1020 3081 1053 3111 s.
1077 3068 1103 3111 l.
1281 3066 1309 3110 5
1329 3066 1539 3110 aduersus
1560 3079 1595 3109 c.
1619 3079 1653 3109 e.
1678 3079 1711 3109 s,
1735 3065 1811 3109 sed
1832 3078 1912 3110 om.
1938 3066 1983 3108 Β
2146 3065 2173 3108 6
2195 3066 2241 3109 et

354 3142 529 3197 harum]
561 3142 718 3184 harum
742 3141 786 3183 P
959 3140 983 3182 7
1007 3139 1216 3194 spiritum
1240 3138 1284 3181 Β
1456 3137 1483 3180 8
1504 3138 1606 3180 tuta
1631 3136 1689 3193 Q²
1712 3138 1827 3192 (tota
1847 3137 1906 3180 M
1911 3135 2001 3193 ρ’),
2034 3149 2116 3180 om.
2140 3136 2183 3180 R

354 3215 412 3258 10
431 3228 481 3257 ac
501 3213 637 3257 cincti
662 3214 706 3256 P
830 3212 882 3254 11
905 3210 1078 3254 induite
1103 3210 1160 3267 ρ*
1184 3209 1350 3266 (induti
1378 3208 1527 3265 (PM),
1552 3208 1785 3252 induentes
1813 3208 1858 3251 V
1968 3209 2012 3250 et
2034 3221 2116 3251 om.
2140 3207 2185 3251 Β

358 3287 413 3330 12
436 3285 657 3341 euangelii
681 3285 802 3341 pacis
825 3299 850 3327 v
1026 3283 1081 3325 14
1103 3282 1303 3338 spiritus]
1335 3279 1495 3324 christi
1517 3279 1562 3324 R
1737 3279 1791 3323 16
1813 3279 2055 3335 sumamus]
2078 3278 2243 3322 fratres

357 3359 639 3403 dilectissimi
676 3358 785 3401 add.
816 3357 858 3399 V
1031 3353 1313 3410 tutamentis]
1352 3353 1618 3395 iuramentis
1640 3365 1666 3395 v
1842 3351 1896 3394 18
1925 3351 2064 3394 lorica
2085 3351 2130 3394 Β

351 3431 407 3474 22
428 3430 544 3487 quod
567 3430 627 3473 Μ
632 3433 643 3453 ¹
675 3431 779 3486 (quo
802 3431 862 3474 Μ
864 3428 945 3486 2ρ)
1122 3426 1179 3469 23
1207 3425 1505 3480 tegimentum
1526 3424 1571 3467 P
1744 3422 1923 3479 capitis]
1958 3422 2118 3465 salutis
2140 3422 2186 3466 R

353 3496 623 3558 spiritalem]
646 3502 886 3544 salutarem
905 3515 932 3544 υ
1066 3498 1123 3541 24
1145 3496 1327 3540 audient
1361 3496 1427 3540 R¹
1564 3494 1709 3538 edicta
1735 3528 1742 3536 .
1765 3526 1801 3537 ..
1827 3493 2012 3537 uideant
2033 3507 2115 3537 om.
2141 3494 2188 3537 B

353 3574 409 3618 26
445 3561 537 3618 dffs
558 3574 601 3618 R
782 3572 1000 3615 incolume
1143 3582 1270 3612 suum
1310 3581 1391 3612 om.
1425 3567 1470 3611 R
1651 3566 1899 3610 reseruetur
1936 3565 1979 3609 V
2146 3564 2243 3608 iesu

372 3647 532 3692 christi
554 3645 598 3688 R
