2332 3978
587 268 925 314 Sententiae
957 267 1346 325 episcoporum
1376 283 1449 312 nr.
1482 271 1666 315 25-29.
1953 274 2058 326 447

170 401 499 455 lauatione
537 399 714 453 eius?
771 398 906 466 quod
949 397 1129 464 utique
1173 397 1235 450 de
1278 397 1359 450 his
1409 398 1498 466 qui
1548 400 1611 452 ab
1662 401 1934 454 haereticis
1978 400 2060 454 in-

170 486 481 556 tinguuntur
535 486 586 538 et
641 485 702 537 de
761 483 1123 553 tinguentibus
1182 483 1425 550 loquitur.
1485 483 1530 536 si
1590 486 1727 538 enim
1786 487 1875 554 qui
1935 487 2063 554 aput

170 572 288 625 illos
338 570 667 639 baptizantur
726 586 817 638 per
877 568 1231 622 remissionem
1285 570 1611 636 peccatorum
1670 571 1837 625 uitam
1895 574 2061 626 aeter-

170 674 291 710 nam
329 656 730 723 consequuntur‚
771 670 862 708 cur
900 655 964 707 ad
1003 654 1275 707 ecclesiam
1314 654 1566 707 ueniunt?
1605 656 1648 708 si
1694 671 1815 709 uero
1853 674 1883 710 a
1922 674 2061 711 mor-

114 755 135 787 5
170 744 259 796 tuo
310 741 495 795 salutis
545 741 677 794 nihil
727 740 1001 809 accipitur,
1060 757 1118 794 ac
1166 740 1432 809 propterea
1482 740 1686 809 cognito
1737 757 1903 796 errore
1952 744 2061 812 pri-

171 829 304 881 stino
355 827 420 880 ad
468 827 744 880 ueritatem
805 843 923 880 cum
977 826 1295 895 paenitentia
1342 826 1696 890 reuertuntur,
1754 843 1853 880 uno
1907 829 2061 882 uitali

169 914 479 981 baptismate
525 914 660 981 quod
703 913 758 966 in
783 913 1037 967 catholica
1074 912 1287 967 ecclesia
1312 914 1391 966 est
1434 913 1486 965 et
1530 912 1838 966 sanctificari
1881 914 2062 968 debere

169 999 521 1054 manifestum.

813 1156 994 1207 Castus
1022 1171 1054 1206 a
1082 1157 1231 1207 Sicca
1257 1157 1414 1208 dixit:

22 1276 30 1313 2
112 1270 153 1302 1⁰
240 1255 340 1321 Qui
379 1255 675 1323 contempta
717 1254 938 1307 ueritate
977 1255 1265 1322 praesumit
1313 1257 1733 1309 consuetudinem
1778 1255 1923 1323 sequi
1968 1255 2060 1307 aut
2080 1254 2147 1305 28

168 1342 303 1395 circa
351 1341 538 1394 fratres
588 1339 798 1395 inuidus
842 1340 921 1392 est
966 1342 1019 1393 et
1063 1341 1324 1410 malignus
1375 1342 1563 1409 quibus
1612 1342 1805 1396 ueritas
1857 1341 2056 1395 reuela-

166 1431 254 1482 tur
298 1429 391 1481 aut
441 1427 576 1480 circa
617 1427 787 1480 Deum
831 1426 1068 1495 ingratus
1115 1427 1261 1481 cuius
1306 1427 1641 1495 inspiratione
1687 1427 1901 1485 ecclesia
1946 1427 2057 1480 eius

166 1514 455 1567 instruitur.

0 1684 24 1767 ἑ
733 1673 1014 1723 Eucratius
1040 1688 1073 1722 a
1098 1672 1291 1723 Thenis
1321 1674 1481 1724 dixit:

2 1769 29 1838 {²
111 1783 150 1815 ¹⁵
238 1774 420 1827 Fidem
445 1775 674 1826 nostram
714 1775 766 1826 et
799 1773 1131 1841 baptismatis
1159 1774 1387 1842 gratiam
1427 1774 1477 1827 et
1514 1773 1647 1844 legis
1686 1772 2058 1826 ecclesiasticae
2076 1779 2143 1829 29

0 1844 23 1867 ⁸*
165 1859 399 1929 regulam
424 1859 677 1919 Dominus
704 1860 756 1912 et
786 1859 926 1912 Deus
951 1859 1124 1913 noster
1148 1860 1292 1912 Iesus
1314 1858 1549 1912 Christus
1576 1874 1666 1912 suo
1694 1875 1778 1913 ore
1804 1860 2060 1928 apostolos

166 1947 346 1999 docens
372 1945 707 2014 perimpleuit
727 1945 924 1999 dicens:
963 1945 1060 1999 ite
1101 1947 1162 1999 et
1202 1947 1425 1999 docete
1463 1946 1688 2015 gentes
1725 1946 2060 2013 baptizan-

167 2034 266 2085 tes
306 2047 408 2085 eos
446 2031 509 2084 in
547 2031 803 2085 nomine
829 2032 1050 2085 Patris
1090 2033 1152 2086 et
1188 2033 1351 2085 Filii
1390 2034 1451 2086 et
1490 2031 1785 2101 Spiritus
1824 2032 2058 2087 sancti.

169 2118 362 2171 falsum
402 2133 521 2186 ergo
558 2117 938 2171 haereticorum
975 2118 1238 2186 baptisma
1277 2119 1328 2171 et
1367 2118 1607 2185 iniq‘uum
1635 2135 1664 2171 a
1689 2118 1836 2171 nobis
1861 2119 2059 2187 pellen-

107 2221 151 2257 πο
169 2204 296 2257 dum
322 2203 402 2257 est
427 2205 479 2256 et
506 2203 646 2256 omni
674 2204 1046 2257 contestatione
1070 2205 1421 2269 refutandum,
1452 2205 1513 2256 de
1541 2219 1758 2271 quorum
1785 2219 1870 2257 ore
1896 2204 2059 2268 uirus,

166 2305 266 2343 non
292 2289 428 2354 uita,
467 2305 560 2342 nec
583 2289 753 2358 gratia
779 2289 1042 2354 caelestis,
1083 2289 1172 2342 sed
1220 2290 1542 2357 blasphemia
1585 2289 1843 2343 trinitatis
1889 2290 2059 2358 expri-

168 2376 345 2428 mitur.
387 2376 439 2428 et
464 2375 577 2427 ideo
605 2375 868 2428 uenientes
895 2376 960 2428 ad
986 2376 1256 2429 ecclesiam
1276 2376 1560 2429 haereticos
1581 2376 1784 2444 integro
1807 2377 1859 2429 et
1880 2375 2058 2428 catho-

0 2281 21 2342 ᾗῇ

0 2346 14 2395 3²

0 2403 18 2540 Ξ
165 2461 264 2515 lico
307 2461 622 2529 baptismate
665 2461 920 2529 baptizari
965 2462 1150 2515 debere
1194 2462 1533 2515 manifestum
1586 2463 1696 2526 est,
1736 2464 1797 2515 ut
1841 2478 1871 2515 a
1915 2461 2056 2514 blas-

0 2601 11 2658 ᾗ.

333 2633 387 2676 17
418 2632 581 2676 Matth.
606 2633 675 2685 28,
698 2633 766 2676 19.

248 2792 272 2834 1
302 2790 473 2834 lauatio
501 2791 612 2836 TAv
758 2792 830 2849 ab]
853 2791 911 2836 ad
932 2792 976 2836 L
1082 2793 1403 2850 intinguuntur
1425 2794 1481 2847 S,
1514 2794 1755 2851 tinguntur
1777 2794 1964 2850 LTAv;
1996 2795 2055 2849 cf.

152 2875 202 2918 1).
222 2864 324 2914 444,
346 2867 401 2907 11
516 2864 544 2907 3
574 2863 833 2907 remissione
856 2863 891 2908 S
995 2865 1024 2908 4
1056 2865 1340 2921 consequitur
1362 2865 1462 2910 ST¹
1601 2879 1673 2910 cor
1692 2866 1756 2910 L*
1875 2867 2059 2910 uenient

170 2928 211 2974 T
218 2933 226 2956 ¹
299 2936 441 2977 morto
455 2934 509 2978 S¹
586 2935 614 2979 5
636 2935 832 2991 cognitio
846 2935 895 2991 S,
914 2936 1070 2992 agnito
1088 2951 1114 2980 υ
1192 2937 1218 2980 6
1239 2937 1574 2982 reuertanturS
1649 2939 1673 2982 7
1694 2938 1915 2995 baptismo
1932 2939 1972 2980 T

160 3004 345 3048 ecclesia
367 3005 589 3049 catholica
609 3007 681 3051 Av
800 3009 846 3050 et
868 3021 955 3051 om.
981 3008 1147 3052 LTAv
1266 3007 1425 3052 debere
1446 3008 1739 3053 manifestum
1758 3010 1812 3062 S,
1836 3009 2059 3054 debebunt

161 3075 324 3120 LTAv
410 3078 438 3121 9
460 3078 641 3121 caustus
665 3078 702 3122 S
787 3079 842 3122 12
862 3078 1071 3135 ingratus
1091 3080 1162 3123 est
1173 3080 1248 3123 Av
1336 3080 1581 3136 spiratione
1604 3080 1641 3125 S
1725 3081 1781 3124 14
1800 3079 2057 3124 euchratius

161 3146 218 3199 L,
242 3147 496 3191 euchratius
518 3163 544 3193 v
636 3149 791 3193 thanis
806 3150 864 3194 Τι
956 3150 1011 3194 15
1039 3153 1238 3194 nostram
1257 3152 1318 3208 et]
1335 3165 1378 3194 n.
1404 3165 1430 3195 a
1453 3151 1492 3196 S
1567 3152 1622 3196 16
1652 3152 1835 3208 regulae
1855 3151 1893 3195 S
1949 3150 2056 3194 deus

160 3219 207 3261 et
228 3218 432 3263 dominus
460 3221 582 3272 TAv,
613 3220 673 3265 ds
691 3210 778 3265 diso
799 3222 844 3265 L
967 3222 1196 3279 apostolus
1220 3222 1300 3267 SL
1415 3223 1471 3266 17
1502 3224 1549 3266 et
1568 3236 1650 3267 om.
1676 3223 1808 3266 LTA
1902 3235 2055 3265 omnes

160 3292 316 3346 gentes
337 3291 410 3336 Av
526 3292 583 3336 18
613 3305 687 3336 eas
710 3292 806 3337 LT
925 3293 993 3337 fili
1017 3294 1055 3338 S
1169 3295 1223 3338 19
1254 3294 1428 3350 iniqum
1453 3294 1532 3338 SL
1647 3293 1705 3337 20
1734 3293 2056 3337 contestatione

163 3360 291 3405 SLT
302 3363 402 3414 VA,
436 3362 735 3408 detestatione
755 3379 783 3409 v
869 3366 959 3422 ore]
982 3378 1101 3409 more
1124 3365 1162 3410 S
1244 3366 1299 3409 21
1330 3365 1430 3409 uita
1449 3378 1529 3408 nec
1549 3365 1615 3417 A,
1638 3364 1780 3408 uitari
1801 3366 1848 3408 ct
1867 3364 2051 3417 SL¹T¹,

159 3432 259 3476 uita
272 3446 361 3477 non
376 3435 448 3487 P,
470 3435 569 3478 uita
590 3437 636 3479 et
657 3436 722 3480 L²
798 3437 856 3480 22
874 3436 965 3480 had
986 3437 1172 3481 ecclesia
1185 3437 1223 3481 S
1294 3438 1351 3481 23
1371 3436 1673 3493 baptismatae
1692 3435 1921 3492 baptizare
1934 3435 1972 3479 S

162 3516 188 3546 a
209 3517 291 3548 om.
315 3505 360 3549 L
448 3506 727 3562 blasphemia
749 3507 830 3552 SL
839 3508 973 3560 TAv,
1004 3509 1312 3565 blasphemiae
1334 3523 1360 3552 v
