2332 3978
351 997 738 1068 THASGI
794 999 1212 1068 CAECILI
1269 1000 1758 1071 GYPRIANI

667 1170 807 1249 AD
866 1170 1430 1253 QVIRINVM

505 1356 1111 1426 (TESTIMONIORVM
1147 1360 1339 1414 LIBRI
1379 1361 1591 1431 TRES).

365 1647 770 1693 CYPRIANVS
811 1649 1112 1703 QVIRINO
1153 1651 1356 1697 FILIO
1396 1651 1735 1697 SALVTEM.

56 1826 75 1858 5
181 1763 669 1872 obtemperandum
707 1802 833 1868 fuit,
891 1803 967 1855 fili
1006 1804 1295 1869 carissime,
1354 1804 1605 1858 desiderio
1643 1806 1732 1860 tuo
1771 1806 1997 1875 spiritali

104 1891 466 1961 inpensissima
489 1889 735 1956 petitione
762 1889 939 1942 diuina
964 1890 1266 1958 magisteria
1290 1891 1536 1959 poscenti,
1566 1892 1753 1959 quibus
1778 1908 1869 1946 nos
1890 1894 1996 1945 Do-

104 1977 277 2031 minus
301 1993 390 2045 per
416 1976 694 2044 scripturas
721 1976 921 2029 sanctas
948 1976 1149 2029 erudire
1177 1978 1227 2029 et
1252 1977 1503 2030 instruere
1523 1978 1769 2046 dignatus
1796 1979 1898 2043 est,
1937 1980 1999 2032 ut

105 2081 135 2117 a
159 2063 384 2116 tenebris
411 2062 592 2115 erroris
619 2061 829 2114 abducti
868 2063 919 2114 ct
944 2062 1057 2115 luce
1095 2063 1203 2115 eius
1242 2080 1370 2132 pura
1408 2064 1459 2116 et
1498 2064 1715 2117 candida
1751 2065 1997 2118 luminati

104 2150 246 2202 uiam
270 2148 410 2202 uitae
454 2164 544 2216 per
571 2148 821 2201 salutaria
848 2150 1167 2202 sacramenta
1203 2150 1486 2202 teneamus,
1527 2152 1580 2203 et
1616 2151 1825 2217 quidem
1861 2151 1997 2204 sicut

46 2259 89 2291 ιο
103 2235 304 2304 petisti,
343 2234 420 2287 ita
456 2250 486 2287 a
522 2234 669 2287 nobis
708 2249 872 2286 sermo
912 2235 1204 2302 conpositus
1244 2236 1295 2288 et
1331 2235 1543 2288 libellus
1571 2237 1849 2304 conpendio
1876 2237 1994 2290 bre-

103 2322 279 2374 uiante
305 2320 538 2388 digestus
565 2319 668 2383 est,
726 2319 785 2371 ut
813 2336 941 2386 quae
979 2322 1337 2375 scribebantur
1372 2337 1473 2374 non
1509 2322 1654 2388 copia
1683 2322 1864 2375 latiore
1891 2323 1994 2375 dif-

147 2507 151 2512 ,
188 2474 407 2506 EXPLICIT
446 2473 838 2504 TESTIMONIORVM
888 2461 1014 2517 (add.
1056 2476 1111 2505 m.
1153 2465 1208 2507 2.-
1267 2461 1401 2505 Liber
1450 2461 1574 2506 beati
1615 2463 1799 2520 augusti
1840 2466 1994 2508 contra

104 2540 353 2584 donatistas
374 2542 420 2584 et
447 2539 589 2596 ydola.
622 2539 738 2583 Item
767 2540 882 2583 liber
921 2541 1121 2597 cypriani
1151 2527 1223 2597 epi
1260 2554 1310 2584 ac
1352 2541 1565 2598 martyris
1611 2541 1663 2600 de
1702 2543 1992 2586 sacramentis

104 2601 224 2675 Xffi‘)
265 2632 446 2663 INCIPIT
495 2631 557 2662 AD
609 2631 854 2666 QVIRINVM
884 2620 951 2672 A,
1011 2632 1193 2663 INCIPIT
1245 2632 1306 2662 AD
1351 2632 1594 2667 QVIRINVM
1643 2633 1784 2663 LIBER
1833 2621 1992 2677 (LIBER

105 2704 186 2736 om.
211 2691 287 2746 M)
323 2703 500 2734 PRIMVS
530 2691 646 2742 LM,
677 2690 845 2747 Incipit
866 2691 1060 2747 epistula
1095 2692 1151 2734 ad
1181 2691 1417 2745 Quirinum
1453 2692 1523 2744 B;
1555 2692 1804 2748 Auyustiii.
1830 2698 1993 2737 contra

107 2762 227 2807 duas
243 2763 368 2819 epist.
382 2763 538 2820 Pelaq.
563 2763 590 2807 l.
612 2763 697 2815 IV,
721 2777 756 2806 c.
769 2765 840 2806 21.
854 2777 902 2818 p.
918 2766 1012 2807 480
1027 2763 1058 2807 d
1071 2780 1083 2806 :
1104 2763 1374 2819 Cyprianum
1392 2763 1531 2806 etiam
1548 2763 1642 2819 ipse
1658 2764 1991 2808 haeresiarches

106 2833 296 2878 istorum
315 2833 527 2890 Pelagius
557 2847 656 2878 cum
685 2833 837 2878 debito
867 2835 1030 2878 honore
1060 2839 1392 2887 commemorat,
1424 2835 1502 2878 ubi
1531 2834 1993 2880 testimoniorum

105 2906 274 2950 librum
290 2906 498 2959 scribenS‚
522 2919 622 2950 eum
640 2919 685 2950 se
703 2907 865 2950 asserit
881 2907 1068 2959 imitari,
1086 2907 1183 2950 ‘hoc
1200 2906 1259 2950 se'
1277 2905 1593 2955 dicens‘facere
1619 2906 1683 2949 ad
1699 2907 1737 2950 R
1750 2921 1991 2963 omanos,

107 2977 223 3033 quod
243 2978 322 3021 ille
342 2977 499 3021 fecerit
520 2977 584 3021 ad
605 2976 936 3032 Quirinum,
970 2983 1011 3022 et
1033 2978 1233 3022 eiusdem
1252 2979 1361 3022 libri
1385 2982 1491 3023 c27
1501 2996 1514 3022 .·
1534 2977 1693 3023 merito
1716 2979 1761 3022 et
1782 2978 1846 3022 ad
1868 2979 1993 3032 Qui-

105 3049 287 3092 rinum
315 3049 368 3093 de
406 3049 490 3093 hac
517 3062 564 3093 re
613 3049 995 3093 absolutissimam
1033 3051 1304 3093 sententiam
1340 3051 1549 3107 proponit
1563 3085 1572 3103 ‚
1625 3050 1697 3094 cui
1732 3050 1994 3094 testimonia

105 3119 261 3163 diuina
296 3120 606 3178 subiungeret;
638 3122 909 3178 Hieronymi.
931 3121 1114 3179 Dialoy.
1140 3127 1305 3166 eontra
1326 3124 1484 3180 Pelay.
1512 3137 1547 3167 c.
1572 3125 1661 3166 32.-
1702 3135 1924 3178 quumque
1947 3135 1993 3166 se

104 3190 392 3243 imitatorem,
403 3192 539 3236 immo
550 3192 817 3249 expletorem
833 3193 977 3249 operis
993 3193 1118 3237 beati
1131 3193 1343 3250 Cypriani
1361 3194 1598 3238 scribentis
1615 3194 1679 3238 ad
1700 3193 1994 3246 Quirinum

106 3275 200 3305 esse
220 3261 430 3306 fateatur.
464 3263 574 3307 inde
602 3277 699 3308 non
732 3265 947 3308 inmerito
969 3265 1171 3309 conicias
1190 3267 1448 3322 yenuioium
1468 3267 1619 3322 operis
1640 3266 1827 3310 titulum
1847 3266 1994 3320 fuisse

106 3347 168 3379 ΑΙ)
199 3347 465 3388 QVIRINVM3
495 3336 636 3393 uulyo
671 3336 969 3381 inscribitur:
1002 3337 1360 3381 testimoniorum
1396 3337 1506 3381 libri
1541 3337 1753 3382 aduersus
1784 3337 1813 3381 J
1815 3335 1990 3380 udaeos.

193 3414 223 3461 5
255 3413 602 3470 obteperandum
622 3415 666 3457 A
795 3396 896 3459 k‘rHE
917 3417 1020 3460 ΜΒ
1110 3416 1138 3462 6
1169 3416 1389 3472 peticione
1409 3417 1456 3459 A
1545 3416 1574 3462 7
1608 3416 1854 3460 scribturas
1875 3416 1921 3458 A
1950 3419 1993 3459 et

0 3528 21 3546 ,λέ
106 3484 171 3528 sic
190 3485 291 3539 fere
309 3497 484 3540 semper
604 3486 826 3531 instruere
846 3487 1108 3540 ALMBV,
1141 3487 1378 3531 instituere
1407 3487 1552 3532 Oneon.
1661 3487 1692 3533 8
1724 3486 1907 3530 abducti
1929 3487 1990 3543 et]

112 3554 295 3598 adducti
311 3554 367 3598 ad
384 3555 428 3598 B
515 3556 659 3600 lucem
691 3557 737 3601 B
823 3558 1075 3602 illumInati
1100 3571 1157 3602 ex
1172 3558 1385 3601 luminati
1400 3559 1462 3602 M
1472 3573 1527 3603 m.
1547 3561 1580 3604 2
1688 3558 1750 3605 10
1771 3557 1994 3614 cumposi-

107 3626 182 3669 tus
212 3626 256 3670 L
346 3627 405 3672 11
438 3629 577 3682 utque
598 3629 658 3671 M
762 3629 1072 3673 scribebantur
1094 3643 1150 3673 ex
1171 3629 1425 3673 scribantur
1445 3630 1508 3674 M

1572 3701 1647 3754 3*
