2332 3978
377 259 483 314 522
1042 254 1281 302 Caecilii
1310 254 1582 314 Cypriani

379 386 617 440 omnibus
655 402 686 440 a
723 385 946 440 Domino
991 385 1135 454 prius
1182 387 1306 440 data
1352 384 1419 439 ad
1465 385 1754 439 ecclesiam
1784 385 1988 456 regredi
2036 387 2261 455 coeperi-

376 489 509 538 muS‚
549 473 977 528 examinabuntur
1014 472 1220 542 singula
1252 470 1612 540 praesentibus
1638 472 1691 524 et
1715 471 2066 525 iudicantibus
2091 473 2256 527 uobis,
2296 471 2317 546 'f

329 565 359 615 2
449 560 622 613 Audio
661 561 910 628 quosdam
942 561 1120 613 tamen
1145 559 1207 612 de
1231 556 1547 626 presbyteris
1583 572 1676 611 nec
1713 557 1970 627 euangelii
2006 573 2257 613 memores

379 662 473 700 nec
511 646 637 714 quid
674 646 740 700 ad
777 663 870 701 nos
908 647 1163 715 martyres
1209 643 1506 712 scripserint
1555 643 1842 714 cogitantes
1887 659 1980 697 nec
2025 644 2259 713 episcopo
2304 647 2313 673 ·‘

375 732 620 785 honorem
665 733 937 787 sacerdotii
973 732 1055 784 sui
1092 733 1144 805 et
1182 730 1449 784 cathedrae
1487 730 1806 783 reseruantes
1843 729 1951 783 iam
1988 747 2107 783 cum
2143 730 2324 800 lap-5?

377 818 448 871 sis
497 818 876 873 communicare
922 818 1147 886 coepisse
1195 817 1247 869 et
1290 815 1469 869 offerre
1516 830 1607 884 pro
1654 815 1763 869 illis
1802 816 1854 869 et
1891 817 2257 870 eucharistiam
2315 803 2332 885 ξ

377 905 514 967 dare,
554 888 754 972 quando
792 905 1026 972 oporteat
1052 903 1116 956 ad
1140 903 1263 955 haec
1289 918 1380 971 per
1406 901 1640 955 ordinem
1675 902 1950 969 perueniri.
1991 918 2112 956 nam
2138 919 2257 956 cum
2324 944 2332 970 ⁴.

374 990 429 1043 in
465 990 752 1043 minoribus
800 990 1006 1043 delictis
1044 1005 1173 1057 quae
1209 1003 1312 1041 non
1348 987 1405 1040 in
1441 988 1610 1041 Deum
1648 988 2045 1042 committuntur
2080 988 2256 1057 paeni·
2324 985 2332 1030 Γ

375 1077 540 1130 tentia
587 1078 773 1146 agatur
808 1077 947 1129 iusto
985 1077 1213 1142 tempore
1252 1075 1304 1127 et
1342 1074 1708 1144 exomologesis
1745 1075 1838 1129 fiat
1874 1075 2106 1144 inspecta
2141 1074 2252 1128 uita

374 1163 483 1216 eius
532 1163 620 1230 qui
670 1163 782 1232 agit
828 1162 1217 1230 paenitentiam,
1266 1178 1359 1216 nec
1406 1161 1472 1215 ad
1519 1161 2033 1215 communicationem
2078 1161 2251 1215 uenire
2269 1184 2315 1217 ιο

372 1248 488 1316 quis
535 1249 698 1316 possit
745 1249 846 1302 nisi
893 1249 1037 1317 prius
1084 1249 1167 1302 illi
1215 1249 1278 1302 ab
1318 1248 1552 1316 episcopo
1593 1249 1644 1302 et
1683 1248 1819 1301 clero
1865 1263 2048 1301 manus
2095 1247 2254 1301 fuerit

370 1334 608 1402 inposita,
666 1352 764 1403 quo
820 1337 988 1405 magis
1035 1337 1089 1389 in
1135 1336 1217 1388 his
1273 1335 1596 1405 grauissimis
1652 1336 1705 1388 et
1751 1334 1993 1388 extremis
2051 1334 2255 1388 delictis

372 1422 519 1474 caute
558 1423 729 1475 omnia
769 1423 820 1475 et
858 1422 1120 1475 moderate
1159 1422 1441 1475 secundum
1479 1421 1809 1489 disciplinam
1833 1420 2043 1475 Domini
2081 1420 2253 1474 obser-

369 1508 483 1560 uari
520 1509 735 1575 oportet.
775 1509 910 1575 quod
949 1508 1159 1575 quidem
1196 1509 1398 1561 nostros
1433 1507 1718 1577 presbyteri
1744 1508 1796 1560 et
1821 1507 2024 1560 diaconi
2048 1522 2254 1560 monere

370 1594 667 1663 debuerant,
708 1595 768 1647 ut
796 1596 1178 1648 commendatas
1218 1595 1318 1647 sibi
1356 1610 1477 1648 oues
1515 1594 1747 1647 fouerent
1782 1594 1833 1647 et
1871 1593 2045 1646 diuino
2082 1593 2310 1662 magi-15

370 1680 525 1733 sterio
547 1681 612 1733 ad
631 1680 774 1733 uiam
797 1681 1142 1748 deprecandae
1169 1681 1352 1734 salutis
1380 1681 1710 1734 instruerent.
1740 1697 1833 1749 ego
1859 1679 2025 1747 plebis
2050 1680 2251 1732 nostrae

368 1768 420 1819 et
441 1767 669 1833 quietem
693 1768 814 1820 noui
839 1768 1033 1836 pariter
1054 1769 1107 1820 et
1124 1769 1392 1821 timorem:
1419 1768 1474 1820 in
1500 1767 1852 1820 satisfactione
1872 1767 1969 1819 Dei
1996 1767 2047 1819 et
2073 1765 2251 1833 depre-

369 1853 566 1906 catione
605 1853 900 1922 uigilarent,
940 1854 1041 1907 nisi
1077 1854 1197 1907 illos
1236 1854 1448 1922 quidam
1474 1854 1535 1906 de
1560 1853 1874 1922 presbyteris
1901 1851 2250 1922 gratificantes

375 1939 706 2006 decepissent.

319 2030 349 2080 3
442 2025 540 2078 Vel
591 2041 681 2079 uos
733 2026 909 2094 itaque
959 2028 1189 2096 singulos
1240 2027 1406 2097 regite
1455 2028 1506 2079 et
1555 2026 1764 2079 consilio
1812 2042 1870 2079 ac
1907 2025 2311 2078 moderationem>

369 2113 542 2164 uestra
580 2113 860 2166 secundum
898 2114 1074 2167 diuina
1110 2115 1381 2182 praecepta
1417 2114 1683 2181 lapsorum
1717 2112 1913 2165 animos
1950 2113 2249 2179 temperate.

367 2213 516 2251 nemo
565 2198 836 2265 inportuno
885 2199 1054 2252 adhuc
1099 2201 1328 2267 tempore
1376 2200 1558 2253 acerba
1604 2215 1756 2266 poma
1794 2199 2045 2267 decerpat.
2102 2212 2250 2251 nemo

368 2299 554 2337 nauem
593 2300 740 2337 suam
779 2287 1077 2352 quassatam
1102 2287 1154 2338 et
1179 2286 1494 2353 perforatam
1530 2286 1774 2338 fluctibus
1801 2285 2100 2354 priusquam
2127 2283 2247 2336 (1111-

368 2372 548 2439 genter
586 2387 694 2424 eam
736 2371 973 2425 refecerit
998 2373 1052 2425 in
1078 2373 1243 2425 altum
1284 2373 1447 2425 denuo
1486 2372 1794 2425 committat.
1835 2386 1983 2425 nemo
2020 2370 2251 2423 tunicam

369 2457 583 2511 scissam
632 2458 859 2525 accipere
908 2459 960 2511 et
1006 2459 1239 2524 induere,
1262 2460 1515 2526 properet,
1563 2458 1665 2511 nisi
1713 2474 1825 2511 eam
1862 2458 1914 2510 et
1951 2457 2014 2510 ab
2055 2455 2249 2510 artifice
2264 2479 2306 2513 25

453 2612 481 2654 2
510 2613 620 2655 tunc
657 2612 1030 2656 examinabuntur
1058 2627 1125 2671 μυ
1270 2615 1297 2656 3
1327 2615 1479 2658 tamen
1516 2614 1729 2670 quosdam
1750 2627 1828 2671 ομ,
1864 2613 2075 2670 quosdam
2101 2614 2142 2656 Τ
2167 2611 2246 2656 sed

368 2684 470 2727 dam
490 2697 524 2727 s.
550 2685 579 2729 l.
724 2684 753 2727 4
775 2684 968 2741 episcopi
989 2685 1040 2728 E
1046 2690 1054 2713 ¹
1070 2685 1213 2742 ῼΤως
1236 2686 1430 2743 episcopi
1449 2686 1659 2730 honorem
1679 2699 1758 2729 nec
1777 2684 2151 2742 uigoremjmah'm

366 2757 393 2799 5
416 2755 633 2799 sacerdoti
655 2756 725 2799 sui
746 2757 810 2799 Ει
826 2756 876 2814 Q,
899 2757 1141 2801 sacerdotis
1164 2758 1234 2801 sui
1257 2775 1306 2811 ω,
1338 2758 1654 2802 sacerdotes·ui
1679 2759 1722 2802 T
1863 2759 2089 2801 seruantes
2111 2770 2136 2801 ο

366 2828 392 2870 6
414 2827 604 2883 coepisse
626 2828 686 2883 et]
709 2829 925 2884 coepisset
945 2829 1016 2880 M,
1045 2830 1238 2886 coepisse
1260 2829 1325 2873 Ει
1341 2830 1442 2887 ῼοω
1577 2830 1602 2873 7
1624 2830 1854 2886 peruenire
1872 2847 1910 2888 μ
2047 2843 2146 2873 cum
2168 2843 2248 2873 om.

364 2898 430 2940 E¹
446 2884 731 2967 TQ‚Fg>scum
750 2916 787 2956 μ
893 2900 921 2944 8
942 2886 1037 2944 dffo‘
1055 2902 1104 2954 Τ,
1127 2887 1232 2945 ᾶῖἶᾶι
1251 2920 1289 2960 μ
1389 2903 1416 2946 9
1436 2902 1556 2945 iusto
1581 2935 1590 2945 .
1610 2936 1618 2944 .
1638 2935 1647 2945 .
1672 2901 1997 2958 paenitentiam
2018 2915 2100 2946 om,
2122 2904 2184 2959 μι

363 2969 563 3026 inspecta
597 2973 709 3028 uita]
732 2972 1003 3028 inspectauit
1027 2972 1112 3030 ΩΤ
1225 2975 1279 3018 12
1300 2987 1384 3030 quo
1405 2975 1580 3031 scripsi,
1604 2974 1721 3030 quod
1738 2975 1803 3018 E¹
1818 2975 1910 3032 TQ,
1932 2977 2097 3031 quanto
2113 2975 2251 3028 E’ov,

368 3042 451 3086 hoc
474 3059 521 3095 ω,
545 3030 651 3099 quo'
651 3062 687 3101 μ
710 3044 789 3088 sed
810 3058 865 3088 uo
887 3046 940 3089 in
961 3058 1052 3089 ras.
1074 3060 1133 3091 m.
1155 3050 1185 3090 2
1331 3047 1385 3090 13
1406 3046 1642 3102 disciplina
1666 3048 1708 3091 T
1844 3047 2074 3091 obseruare
2094 3050 2155 3105 μι

364 3113 419 3157 14
440 3114 571 3172 quod]
594 3129 672 3159 uos
694 3116 916 3161 Latinius
1031 3118 1221 3174 nostros]
1245 3118 1389 3162 nostri
1409 3123 1530 3175 pc¹v;
1560 3119 1703 3163 nostri
1724 3132 1796 3163 eos
1814 3119 1924 3173 fort.
2041 3119 2246 3163 diacones

362 3185 515 3243 Εῼοω
661 3187 715 3231 16
736 3188 832 3245 ego]
855 3201 959 3245 ergo
981 3205 1015 3232 ω
1170 3190 1224 3233 17
1246 3190 1308 3246 in]
1335 3192 1411 3246 qui
1432 3191 1479 3234 in
1498 3206 1566 3249 μυ
1710 3190 2088 3247 depraecationcm
2114 3189 2152 3248 Q

363 3258 418 3301 18
438 3257 630 3315 uigilare
650 3258 762 3303 Εοω
879 3260 1166 3318 presbyteris]
1189 3262 1456 3318 praepositis
1476 3279 1514 3319 μ
1646 3262 1703 3307 20
1723 3263 1784 3319 et]
1807 3275 1829 3306 e
1849 3280 1888 3320 μ
2017 3262 2073 3306 21
2095 3263 2244 3306 uestra

363 3331 408 3372 et
427 3347 463 3387 μ
612 3330 784 3375 animas
809 3331 847 3389 Q
868 3333 1055 3387 (animos
1076 3333 1148 3389 M)
1295 3333 1351 3376 22
1372 3334 1424 3376 ut
1444 3346 1571 3378 nemo
1599 3334 1711 3392 Vpc2,
1745 3336 1797 3378 ut
1816 3347 1871 3378 ne
1888 3339 1949 3392 μῑ
2091 3334 2240 3391 inpor-

361 3403 470 3444 tuno
507 3401 650 3446 adhuc
676 3403 810 3460 ΤῑῙμ,
848 3403 992 3448 adhuc
1027 3404 1266 3460 inportuno
1286 3404 1466 3462 EQowv
1629 3406 1686 3450 23
1721 3419 1880 3450 nauem
1905 3407 1948 3451 T
1977 3406 2057 3451 sed
2085 3419 2116 3449 n
2142 3418 2178 3450 s.
2200 3404 2245 3458 l.,

362 3486 387 3515 a
407 3486 565 3517 nauem
595 3473 633 3531 Q
775 3475 999 3520 fructibus
1025 3476 1064 3534 Q
1206 3476 1264 3521 24
1295 3490 1391 3521 eam
1426 3490 1509 3522 om.
1540 3491 1607 3535 μυ
1750 3477 1807 3522 25
1840 3477 2062 3535 properet]
2097 3477 2245 3534 potest

361 3544 513 3601 EQow
630 3548 676 3590 et
696 3546 771 3604 ab]
794 3547 849 3592 ab
871 3547 1023 3606 EQow
