2332 3978
589 298 660 340 De
692 310 855 353 opcrc
887 298 940 340 et
969 266 1341 354 eleemosynis
1374 313 1407 342 c.
1444 300 1625 344 16—18.
1937 303 2041 356 387

163 428 256 480 ris
294 442 418 479 non
457 426 741 479 deficiet
779 426 843 479 et
881 441 1181 493 capsaces
1220 428 1347 480 olei
1394 444 1515 481 non
1552 430 1808 482 minuet
1845 413 2043 498 usque

164 510 231 566 i'n
268 513 436 565 diem
475 527 596 579 quo
636 511 821 564 dabit
858 512 1172 565 Dominus
1222 512 1500 566 imbrem
1548 530 1735 582 super
1782 516 2040 568 terram.

165 598 445 652 secundum
471 598 676 651 diuinae
701 597 1092 665 pollicitationis
1119 598 1275 651 fidem
1300 599 1653 666 multiplicata
1691 603 1812 654 sunt
1850 601 2040 656 uiduae

166 687 217 739 et
242 684 506 737 cumulata
530 700 660 751 quae
703 684 967 751 praestitit
1012 685 1064 737 et
1107 684 1345 752 operibus
1390 685 1543 737 iustis
1579 701 1637 738 ac
1662 687 2044 740 misericordiae

109 782 126 812 ⁵
166 771 366 824 meritis
410 771 691 839 augmenta
734 771 787 824 et
829 770 1143 824 incrementa
1186 771 1511 824 sumentibus
1538 771 1688 824 farris
1717 774 1768 825 et
1794 773 1893 825 olei
1920 789 2045 826 uasa

166 857 399 924 conpleta
442 857 576 909 sunt.
615 872 708 909 nec
751 856 874 909 filiis
920 856 1138 909 abstulit
1177 858 1345 910 mater
1370 857 1505 923 quod
1531 857 1715 909 Heliae
1742 857 1913 921 dedit,
1954 859 2043 910 sed

165 943 331 1011 magis
357 942 577 995 contulit
602 941 725 994 filiis
751 942 886 1009 quod
910 942 1128 1012 benigne
1171 944 1223 995 et
1266 943 1350 1009 pie
1391 942 1529 995 fecit.
1583 943 1635 995 et
1677 943 1772 995 illa
1815 944 2039 996 nondum

166 1027 427 1081 Christum
455 1028 674 1091 sciebat,
714 1028 942 1080 nondum
987 1030 1257 1096 praecepta
1300 1028 1409 1082 eius
1455 1028 1709 1088 audierat,
1751 1043 1851 1081 non
1896 1045 2043 1082 cruce

165 1116 215 1167 et
241 1115 474 1182 passione
501 1114 610 1167 eius
638 1114 905 1181 redempta
931 1114 1106 1167 cibum
1134 1117 1186 1167 et
1211 1116 1394 1181 potum
1419 1130 1508 1182 pro
1530 1115 1777 1184 sanguine
1797 1115 2044 1182 repende-

106 1220 146 1252 10
162 1202 275 1264 bat,
316 1202 376 1253 ut
402 1217 460 1253 ex
486 1200 582 1252 hoc
616 1202 857 1268 appareat
896 1201 1147 1267 quantum
1192 1201 1246 1252 in
1292 1201 1505 1253 ecclesia
1542 1202 1717 1267 peccet
1763 1201 1850 1268 qui
1896 1216 1948 1253 se
1995 1202 2046 1253 et

165 1286 300 1339 filios
338 1285 541 1339 Christo
581 1286 890 1352 anteponens
929 1286 1143 1339 diuitias
1182 1302 1300 1339 suas
1339 1288 1511 1340 seruat
1547 1303 1639 1340 nec
1675 1287 2046 1354 patrimonium

164 1371 423 1438 copiosum
451 1388 569 1425 cum
595 1372 944 1442 indigentium
970 1374 1274 1440 paupertate
1302 1373 1662 1425 communicat.

162 1478 166 1481 ·
236 1455 335 1509 Sed
362 1457 497 1510 enim
523 1458 680 1511 multi
708 1460 829 1511 sunt
853 1459 907 1511 in
934 1459 1084 1511 domo
1111 1459 1260 1511 liberi
1290 1460 1341 1511 et
1366 1459 1595 1512 retardat
1622 1461 1674 1511 te
1700 1462 2043 1514 numerositas
2071 1458 2134 1508 18

0 1545 23 1617 fis
162 1542 387 1595 filiorum
415 1545 687 1610 quominus
714 1545 931 1613 largiter
953 1544 1098 1596 bonis
1119 1545 1357 1611 operibus
1385 1545 1611 1597 insistas.
1642 1546 1800 1612 adqui
1820 1546 1915 1598 1106
1933 1547 2043 1613 ipso

105 1648 143 1677 ιε»
161 1629 359 1696 operari
385 1628 609 1696 amplius
637 1628 817 1691 debeS‚
846 1642 945 1694 quo
972 1628 1261 1680 multorum
1287 1628 1561 1696 pignorum
1588 1631 1736 1695 pater
1762 1645 1829 1681 es,
1870 1631 2043 1696 plures

162 1716 281 1767 sunt
323 1730 414 1781 pro
460 1714 646 1780 quibus
692 1714 974 1766 Dominum
1018 1713 1326 1780 depreceriS‚
1368 1714 1653 1766 multorum
1692 1715 1882 1768 delicta
1906 1716 2044 1768 redi-

161 1800 345 1852 menda
369 1801 512 1861 sunt,
571 1799 858 1851 multorum
884 1799 1177 1868 purgandae
1205 1799 1567 1863 conscientiae,
1608 1801 1893 1852 multorum
1933 1802 2045 1853 ani·
2112 1827 2115 1830 ·

160 1900 273 1937 mae
299 1884 607 1938 liberandae.
646 1886 707 1937 ut
744 1885 799 1937 in
835 1886 931 1938 hac
969 1886 1081 1937 uita
1119 1885 1369 1938 saeculari
1396 1885 1592 1937 alendis
1631 1886 2047 1954 sustinendisque

29 2027 31 2031 Α
160 1971 460 2040 pignoribus
487 1987 587 2038 quo
612 1971 778 2024 maior
802 1974 881 2023 est
905 1986 1149 2024 numerus
1174 1971 1270 2024 hoc
1295 1971 1459 2024 maior
1486 1972 1537 2024 et
1563 1973 1802 2038 sumptus
1829 1974 1935 2036 est,
1971 1973 2048 2025 ita

29 2058 38 2104 ³5
105 2077 146 2110 20
162 2060 213 2111 et
255 2059 310 2112 in
353 2058 465 2110 uita
503 2057 729 2125 spiritali
755 2058 920 2125 adque
967 2057 1178 2110 caelesti
1217 2072 1315 2124 quo
1343 2057 1562 2124 amplior
1588 2057 1747 2110 fuerit
1772 2058 2048 2127 pignorum

161 2145 306 2213 copia
332 2160 440 2197 esse
467 2145 520 2197 et
544 2159 758 2210 operum
786 2143 938 2196 debet
964 2144 1129 2196 maior
1147 2144 1380 2210 inpensa.
1423 2143 1497 2196 sic
1543 2143 1633 2196 Iob
1676 2143 1925 2196 sacrificia
1950 2161 2047 2196 nu-

158 2246 357 2284 merosa
382 2245 473 2298 pro
500 2229 677 2282 liberis
705 2228 993 2293 obterebat,
1024 2231 1349 2297 quantusque
1377 2230 1485 2282 erat
1511 2230 1565 2281 in
1592 2229 1742 2280 domo
1771 2230 2048 2298 pignorum

154 2332 399 2369 numerus
428 2316 609 2369 tantus
637 2315 859 2368 dabatur
885 2317 992 2369 Deo
1020 2318 1072 2369 et
1098 2332 1343 2369 numerus
1370 2316 1677 2369 hostiarum.
1719 2318 1771 2369 et
1798 2315 2044 2383 quoniam

158 2402 346 2455 cotidie
371 2403 544 2455 deesse
581 2417 681 2455 non
721 2403 889 2469 potest
915 2402 1050 2469 quod
1075 2404 1315 2470 peccetur
1340 2402 1394 2454 in
1424 2402 1699 2468 conspectu
1723 2401 1847 2465 Dei,
1889 2402 2047 2453 sacri-

19 2505 33 2566 5
99 2507 140 2540 25
156 2487 273 2541 ficia
294 2488 551 2541 cotidiana
594 2504 694 2542 non
741 2489 955 2541 deerant
981 2488 1169 2555 quibus
1196 2489 1406 2554 possent
1431 2488 1644 2555 peccata
1668 2487 1822 2555 tergi.
1863 2487 2048 2554 probat

23 2585 26 2593 ⁴
157 2573 411 2642 scriptura
460 2574 667 2627 dicens:
737 2575 850 2626 Iob
917 2574 1102 2626 homo
1169 2589 1360 2626 uerus
1418 2574 1477 2626 et
1539 2573 1758 2625 iustus
1815 2573 2049 2624 habuit

157 2658 340 2711 filios
379 2660 631 2727 septem
669 2662 730 2713 et
767 2660 955 2714 filias
994 2647 1127 2712 tres
1167 2661 1227 2711 et
1265 2659 1660 2712 emundabat
1696 2659 1852 2711 illos
1891 2658 2047 2710 offe-

157 2760 303 2798 rens
340 2761 452 2811 pro
508 2746 602 2798 eis
659 2746 914 2799 hostias
952 2747 1086 2798 Deo
1125 2745 1482 2798 secundum
1519 2761 1861 2802 numerum
1897 2746 2048 2797 illo-

158 2847 300 2883 rum
330 2817 400 2883 ¹et
437 2847 545 2899 pro
584 2849 655 2900 pe
676 2833 886 2886 ccatis
945 2847 1165 2884 eorum
1223 2831 1511 2883 uitulum
1566 2847 1773 2883 unum.
1841 2831 1883 2882 si
1928 2847 2047 2898 ergo

327 2988 384 3030 26
412 2987 492 3031 Iob
515 2990 555 3040 1,
576 2989 616 3032 2.
639 2989 678 3032 3.
702 2990 742 3033 5.

246 3117 271 3158 1
301 3116 464 3161 deiciet
487 3117 548 3161 G'
656 3119 702 3161 ct
722 3131 927 3173 capsaces
949 3118 1036 3161 olei
1064 3116 1193 3169 WG,
1227 3130 1306 3160 nec
1327 3117 1374 3159 in
1398 3129 1476 3159 uas
1498 3115 1645 3158 oleum
1667 3115 1717 3158 1⁴*
1819 3115 2047 3158 minuetur

165 3187 231 3230 Gv
346 3186 376 3232 5
404 3187 557 3232 fan-iis
581 3189 621 3231 G
738 3189 765 3231 6
796 3188 969 3233 eheliae
994 3189 1056 3231 G¹
1174 3188 1229 3231 11
1261 3188 1365 3231 ante
1386 3199 1660 3243 praeponens
1680 3186 1731 3229 F
1824 3186 1880 3229 14
1911 3182 2048 3241 adqui

167 3259 310 3311 WF¹‚
342 3260 499 3315 atquin
518 3260 599 3313 F2,
631 3262 766 3316 atque
791 3261 832 3303 G
941 3265 1049 3316 post
1077 3259 1173 3316 ipso
1204 3271 1386 3303 erasum
1406 3257 1597 3314 largiter
1617 3258 1670 3301 in
1693 3257 1756 3301 W
1870 3256 1925 3299 15
1955 3269 2048 3299 am-

162 3329 296 3386 plius]
318 3330 563 3386 plurimum
589 3331 631 3376 V
744 3332 846 3389 quo]
870 3331 985 3388 quod
1006 3331 1163 3376 malim
1277 3329 1514 3386 pignerum
1538 3329 1579 3372 G
1711 3327 1770 3373 18
1802 3327 2047 3372 saecularia

170 3400 250 3445 W¹
339 3402 689 3459 sustentandisq.
714 3404 756 3447 G
858 3403 913 3447 19
943 3403 1042 3459 hoc]
1067 3415 1117 3446 eo
1142 3402 1184 3445 G
1300 3402 1370 3445 est
1390 3414 1472 3444 om.
1499 3399 1542 3444 G
1657 3399 1712 3443 21
1744 3400 1791 3443 et
1810 3411 1893 3443 om.
1921 3400 1960 3442 G

165 3471 227 3515 sic
246 3474 293 3516 611
314 3487 341 3517 v
427 3473 485 3517 25
514 3476 699 3530 possunt
729 3474 784 3528 G,
806 3475 982 3531 possint
1003 3474 1055 3519 F
1144 3474 1264 3528 tergi
1285 3472 1335 3515 F
1352 3476 1394 3515 et
1415 3471 1612 3532 Azcyzftst.
1638 3471 1664 3513 I.
1688 3483 1722 3514 6.
1750 3470 1835 3522 IV,
1860 3475 1929 3526 lo,
1953 3475 2043 3524 βλ,

162 3543 330 3601 tergeri
351 3545 484 3588 WGv
571 3546 627 3587 2ss
658 3546 880 3601 scriptura
900 3546 1056 3589 diuina
1081 3561 1103 3589 v

1605 3614 1711 3661 ος*

1603 3651 1648 3665 ..ο
