2332 3978
546 280 878 326 Sententiae
907 279 1295 335 episcoporum
1325 292 1399 323 nr.
1430 278 1615 323 44—51.
1893 276 2002 331 453

598 499 911 563 Pomponius
937 512 970 546 a
994 496 1319 559 Dionysiana
1345 496 1504 546 dixit:

20 610 45 680 ’,3,
113 621 118 625 ·
181 601 524 657 Manifestum
567 599 646 651 est
687 597 973 651 haereticos
1016 610 1119 648 non
1159 610 1308 662 posse
1341 594 1603 662 baptizare
1639 596 1692 648 et
1726 595 2000 648 remissam
2018 592 2090 643 43

6 686 52 757 -Jrrf
109 689 436 759 ‘peccatorum
462 686 584 738 dare
621 684 710 752 qui
747 683 1062 751 potestatem
1088 696 1189 734 non
1223 680 1415 733 habent
1451 681 1512 732 ut
1546 681 1635 733 aut
1673 681 1870 734 soluere
1906 682 1998 734 aut

14 763 58 850 1³2?
110 775 272 844 ligare
299 771 499 840 atiquid
523 770 577 823 in
603 770 757 823 terris
785 769 999 837 possint.

16 863 62 894 si
114 879 120 887 .-

658 977 952 1028 Venantius
980 991 1012 1026 a
1038 975 1255 1026 Thinisa
1282 976 1444 1025 dixit:

0 1027 1 1030 ’
28 1026 46 1061 ,ι

2 1103 19 1138 ς
52 1067 57 1079 ”
179 1078 232 1131 Si
259 1078 478 1130 maritus
504 1091 716 1144 peregre
742 1074 1068 1143 proficiscens
1093 1074 1259 1127 amico
1296 1088 1386 1126 suo
1424 1072 1835 1127 commendasset
1871 1089 1996 1126 uxo·
2017 1074 2090 1125 49

39 1150 58 1219 ἶ
105 1181 214 1218 rem
239 1179 389 1216 suam
427 1162 844 1225 custodiendam,
885 1160 1300 1214 commendatam
1326 1159 1428 1212 sibi
1465 1159 1558 1212 ille
1596 1159 1788 1226 quanta
1824 1160 1999 1226 posset

55 1245 60 1277 ³
105 1250 379 1319 diligentia
405 1249 660 1313 seruaret,
700 1263 762 1300 ne
792 1248 855 1300 ab
882 1247 1057 1315 aliquo
1085 1247 1297 1300 castitas
1324 1246 1434 1300 eius
1469 1248 1521 1299 et
1555 1246 1807 1299 sanctitas
1847 1247 1997 1299 adul-

0 1347 9 1392 J
32 1336 45 1368 v'
105 1337 376 1391 teraretur.
418 1334 655 1388 Christus
681 1335 946 1387 Dominus
982 1335 1034 1386 et
1069 1334 1209 1386 Deus
1237 1333 1411 1386 noster
1452 1332 1517 1385 ad
1552 1334 1755 1400 patrem
1789 1333 1996 1400 profici-

5 1419 9 1423 *
43 1411 250 1480 '‘oscens
277 1437 516 1490 sponsam
543 1436 693 1473 suam
719 1419 867 1472 nobis
895 1419 1272 1473 conmendauit.
1313 1420 1558 1471 utrumne
1584 1434 1698 1472 eam
1732 1403 1999 1486 incorrup-

5 1545 10 1551 -
48 1507 59 1578 f
105 1510 217 1563 tam
243 1509 295 1561 et
320 1507 627 1560 inuiolatam
654 1506 978 1559 custodimus
1005 1522 1070 1559 an
1095 1504 1462 1574 integritatem
1488 1504 1598 1557 eius
1626 1505 1679 1557 et
1699 1504 1996 1557 castitatem

13 1598 20 1613 ²
55 1591 59 1639 ἓ
107 1594 333 1648 moechis
366 1594 431 1646 'et
475 1592 860 1659 corruptoribus
905 1592 1210 1660 prodimus?
1249 1591 1339 1659 qui
1375 1591 1514 1643 enim
1549 1590 1810 1657 baptisma
1837 1591 2000 1643 eccle-

4 1730 5 1733 ,
44 1692 58 1729 1
109 1681 212 1735 siae
256 1694 528 1734 commune
573 1694 691 1731 cum
735 1678 1006 1731 haereticis
1052 1677 1181 1731 facit
1224 1691 1468 1745 sponsam
1514 1675 1709 1729 Christi
1748 1676 2000 1730 adulteris

66 1810 70 1814 .
108 1766 295 1835 prodit.

3 1963 5 1965 ’
46 1955 64 2011 ’ν
80 1975 99 2008 ⁵
645 1957 926 2020 Ahymmus
954 1958 1019 2006 ab
1046 1959 1292 2021 Ausuaga
1320 1957 1476 2007 dixit:

186 2053 294 2107 Nos
322 2071 484 2107 unum
510 2055 830 2122 baptismum
868 2054 1185 2122 accepimUS,
1227 2056 1279 2107 et
1323 2054 1497 2122 ipsum
1544 2069 1853 2107 exercemus.
1914 2053 2003 2120 qui
2023 2055 2095 2105 50

51 2196 63 2222 3
93 2131 292 2194 'autem
317 2140 446 2193 dicit
472 2141 593 2208 quia
619 2141 892 2194 haereticis
919 2140 1043 2194 licet
1068 2141 1360 2208 baptizare,
1400 2141 1511 2209 ipse
1547 2140 1674 2192 duos
1710 2139 2000 2207 baptismos

48 2244 65 2273 1
115 2224 257 2279 facit.

612 2419 923 2468 Saturninus
951 2434 983 2468 a
1008 2419 1317 2469 Victoriana
1345 2419 1504 2468 dixit:

187 2515 242 2569 Si
267 2516 390 2569 licet
414 2516 689 2570 haereticis
725 2517 1013 2584 baptizare,
1040 2516 1284 2570 excusati
1321 2516 1442 2568 sunt
1481 2517 1533 2567 et
1568 2514 1764 2567 defensi
1799 2514 2005 2567 inlicita
2024 2511 2089 2562 51-

5 2669 7 2672 ,
114 2599 386 2667 facienteS,
425 2619 518 2659 nee
542 2602 693 2656 uideo
721 2618 876 2670 quare
903 2617 986 2656 eos
1012 2604 1104 2656 aut
1131 2601 1367 2656 Christus
1401 2601 1724 2654 aduersarios
1766 2615 1886 2654 suos
1914 2601 2004 2653 aut

0 2735 15 2746 ,
114 2689 374 2755 apostolus
399 2689 732 2743 antichristos
759 2689 1115 2757 appellauerit.

2 2931 13 2944 ⁶
57 2938 70 2986 ’,ζ-
151 2969 153 2972 .
199 2930 228 2973 2
257 2931 446 2974 remissa
468 2930 525 2984 S,
557 2932 864 2976 remissionem
883 2933 956 2977 Av
1058 2933 1088 2975 4
1117 2932 1284 2987 aliquis
1307 2932 1345 2976 S
1428 2933 1575 2988 potest
1597 2931 1653 2984 S,
1684 2931 1827 2986 possit
1853 2932 1907 2972 Τι

9 3011 17 3054 j
115 3000 145 3045 5
172 3002 442 3047 uenantibus
464 3003 509 3046 L
654 3003 858 3048 thinnisa
878 3004 942 3056 L,
977 3003 1164 3048 thinusa
1190 3005 1245 3057 T,
1278 3003 1418 3047 tinisa
1438 3004 1512 3047 Av
1659 3003 1683 3046 7
1717 3003 1762 3047 et
1784 3016 2005 3046 commen-

62 3075 75 3135 j
117 3071 278 3129 datam·
293 3075 334 3117 T
444 3075 473 3120 8
503 3078 786 3118 conseruaret
806 3076 966 3120 LTAv
1054 3075 1334 3119 adulteretur
1355 3075 1399 3119 L
1518 3075 1573 3118 11
1603 3074 1886 3130 inuiolatam]
1909 3074 2004 3117 inu·

0 3158 2 3165 “
51 3137 69 3148 '¹
117 3146 269 3190 natam
289 3145 334 3190 L
445 3146 796 3196 *custodibismus
818 3148 882 3191 L¹
901 3181 911 3200 ,
946 3147 1246 3192 custodiemus
1265 3161 1292 3191 υ
1410 3148 1465 3191 12
1496 3147 1660 3191 moecis
1681 3146 1779 3191 ST¹
1903 3159 2006 3201 pro·

51 3221 81 3270 -ἶ,
117 3215 268 3263 demus
288 3230 316 3262 v
461 3218 517 3261 15
547 3217 782 3275 ahymmus
805 3218 885 3263 SL
905 3224 949 3264 et
969 3219 1094 3264 codd.
1112 3220 1259 3276 Auy„
1291 3219 1511 3275 ahymnus
1544 3219 1607 3262 Tv
1736 3229 1933 3272 ausuago
1956 3215 2006 3268 S,

118 3301 346 3346 ausuagga
366 3289 433 3342 L,
463 3288 753 3346 adausuagga
777 3291 819 3332 T
899 3290 1016 3335 dixit
1037 3303 1118 3336 om.
1144 3290 1182 3335 S
1289 3290 1343 3334 16
1373 3290 1601 3346 baptisma
1621 3289 1696 3334 Av
1802 3291 2007 3331 tenemus

7 3357 69 3426 ,Ὗ
119 3360 165 3403 et
182 3371 432 3407 exercemus
452 3374 480 3405 v
588 3360 642 3404 17
675 3361 781 3416 quia
801 3363 847 3405 et
867 3362 940 3406 Av
1021 3361 1106 3413 duo
1127 3362 1404 3419 baptismata
1424 3376 1451 3406 v
1559 3360 1613 3403 19
1644 3359 1864 3403 uictorina
1885 3358 1923 3402 S

0 3423 69 3493 ,ᾗῇ’“
117 3429 174 3475 20
201 3430 330 3476 licita
351 3432 466 3478 coni.
488 3432 703 3478 Marshal
807 3434 863 3477 21
896 3434 1058 3478 christi
1084 3435 1140 3476 Τι
1254 3434 1312 3478 22
1342 3432 1640 3477 antichristus
1662 3430 1700 3475 S
