2332 3978
718 330 797 373 Ad
826 330 1195 374 Fortunatum
1226 344 1260 375 c.
1295 332 1362 375 11.
1878 334 1983 387 339

111 475 400 533 promouere
445 459 721 526 potuisset,
763 460 1046 528 sartagines
1090 460 1244 514 iussit
1289 461 1470 529 igniri:
1511 461 1698 529 quibus
1724 461 1906 531 ignitis
1934 463 1986 515 et

109 546 330 602 accensis
357 562 474 599 eum
500 545 588 613 qui
614 545 812 612 primus
837 545 1040 598 locutus
1066 546 1235 599 fuerat
1261 547 1312 600 et
1350 548 1519 616 magis
1557 563 1733 616 regem
1770 547 1984 600 uirtutis

110 635 160 687 et
184 632 301 685 fidei
329 631 614 685 constantia
638 632 1005 699 prouocauerat
1030 632 1293 685 admoueri
1319 634 1578 701 praecepit
1617 635 1669 686 et
1706 632 1830 701 frigi
1867 649 1985 700 pro-

109 719 263 772 ducta
300 719 352 771 et
391 717 590 771 exsecta
626 717 770 785 prius
808 718 987 787 lingua
1011 734 1142 785 quae
1167 719 1393 772 confessa
1418 719 1588 772 Deum
1613 720 1809 773 fuerat:
1851 720 1986 788 quod

52 827 71 861 s
107 804 324 873 martyri
367 803 639 872 gloriosius
685 804 920 873 contigit.
979 804 1159 874 lingua
1203 805 1341 858 enim
1385 805 1616 859 confessa
1659 821 1845 860 nomen
1888 808 1987 861 Dei

107 891 244 959 prior
270 889 335 943 ad
360 890 529 946 Deum
555 889 735 943 debuit
760 889 872 957 ipsa
898 890 1164 957 proficisci.
1205 892 1322 958 post
1356 891 1407 945 in
1436 892 1654 946 secundo
1683 894 1986 963 excogitatis

107 975 386 1030 acrioribus
429 975 627 1044 poeniS,
678 978 956 1043 antequam
1002 978 1170 1031 cetera
1212 978 1446 1032 membra
1489 979 1777 1046 torqueret,
1818 981 1988 1033 cutem

109 1061 265 1129 capiti
292 1055 409 1114 cum
435 1062 638 1131 capillis
658 1062 897 1128 detraxit,
927 1063 1042 1117 odio
1064 1064 1261 1117 scilicet
1285 1066 1421 1118 certe
1441 1080 1525 1118 eo:
1553 1082 1675 1119 nam
1697 1083 1815 1119 cum
1835 1067 1990 1132 caput

108 1147 208 1201 uiri
235 1146 469 1200 Christus
515 1147 584 1201 sit
629 1151 681 1202 et
726 1151 882 1218 caput
922 1148 1114 1203 Christi
1155 1150 1321 1216 Deus,
1362 1150 1450 1218 qui
1488 1153 1643 1220 caput
1677 1153 1911 1206 laniabat
1934 1153 1990 1205 in

53 1245 96 1286 ιο
110 1235 336 1303 martyre
360 1235 529 1288 Deum
556 1235 608 1287 et
634 1233 895 1289 Christum
935 1237 1336 1305 persequebatur
1379 1238 1433 1291 in
1477 1239 1661 1307 capite.
1703 1241 1759 1292 at
1801 1239 1893 1292 ille
1935 1239 1990 1291 in

109 1322 357 1390 martyrio
384 1335 474 1375 suo
499 1320 660 1375 fidens
687 1322 738 1374 et
764 1324 1152 1377 resurrectionis
1179 1324 1279 1377 sibi
1299 1326 1589 1392 praemium
1609 1325 1670 1379 de
1690 1326 1790 1379 Dei
1814 1341 1989 1379 remu-

36 1464 46 1482 *
109 1408 367 1462 neratione
402 1408 712 1476 promittens
750 1410 1061 1463 exclamauit
1100 1412 1152 1464 et
1177 1411 1337 1464 dixit:
1376 1413 1445 1464 tu
1484 1412 1772 1479 quidem,
1811 1412 1919 1479 inp
1935 1429 1991 1466 o-

109 1494 272 1558 tenS‚
330 1509 401 1546 ex
455 1495 570 1569 hac
621 1495 958 1563 praesenti
996 1495 1136 1549 uita
1172 1513 1282 1550 nos
1319 1497 1562 1564 perdis:
1627 1498 1736 1551 sed
1772 1498 1991 1551 mundi

111 1595 223 1632 rex
281 1580 622 1634 defunctos
683 1596 800 1634 nos
856 1596 966 1648 pro
1024 1582 1160 1635 suis
1216 1582 1477 1651 legibus
1533 1584 1596 1636 in
1659 1585 1987 1638 aeternam

55 1683 95 1718 15
111 1666 284 1720 uitae
321 1668 863 1721 resurrectionem
902 1668 1286 1721 suscitabit.
1329 1670 1518 1723 tertius
1545 1670 1779 1740 linguam
1810 1671 1990 1738 postu-

110 1753 245 1805 latus
272 1753 374 1806 cito
399 1754 632 1820 protulit.
673 1770 792 1807 nam
817 1769 1033 1822 poenam
1052 1754 1259 1824 linguae
1280 1757 1590 1809 exsecandae
1610 1757 1717 1809 iam
1739 1756 1991 1809 didicerat

112 1855 141 1892 a
177 1838 336 1892 fratre
374 1842 707 1893 contemnere.
747 1855 929 1894 manus
957 1857 1155 1908 quoque
1194 1843 1535 1908 amputandas
1575 1843 1866 1895 constanter
1905 1858 1991 1895 ex-

40 1924 48 1930 ”
110 1924 278 1978 tendit
303 1926 532 1979 multum
557 1926 740 1979 beatus
769 1942 950 1996 genere
976 1927 1077 1981 isto
1103 1928 1370 1996 supplicii,
1412 1928 1495 1981 cui
1522 1928 1743 1996 contigit
1769 1928 1991 1981 extensis

20 2036 43 2083 ,ἵ-
113 2011 175 2064 ad
212 2027 428 2078 poenam
466 2013 703 2066 manibus
742 2013 994 2081 passionis
1022 2013 1307 2067 dominicae
1332 2014 1496 2068 instar
1520 2014 1736 2067 imitari.
1778 2029 1870 2067 nec
1892 2030 1991 2068 non

20 2102 99 2156 w
113 2099 164 2150 et
189 2099 401 2165 quartus
426 2099 540 2167 pari
566 2099 762 2153 uirtute
786 2100 1044 2153 tormenta
1069 2102 1396 2153 contemnens
1424 2102 1475 2154 et
1514 2101 1579 2153 ad
1616 2101 1992 2154 retundendum

36 2174 57 2240 '⁵2‘
111 2199 284 2252 regem
311 2185 520 2239 caelesti
545 2201 668 2239 uoce
694 2188 1002 2254 respondens
1030 2187 1341 2240 exclamauit
1367 2187 1418 2239 et
1444 2187 1601 2240 dixit:
1640 2186 1858 2255 potius
1897 2187 1994 2239 est

112 2270 187 2324 ab
243 2270 612 2326 hominibus
668 2273 864 2326 morti
923 2273 1107 2325 datos
1164 2274 1505 2340 expectare
1561 2288 1733 2340 spem
1781 2289 1811 2325 a
1859 2271 1992 2325 Deo

112 2355 349 2408 iterum
405 2358 481 2410 ab
535 2373 600 2410 eo
658 2358 1032 2412 suscitatos.
1097 2359 1231 2411 tibi
1271 2359 1438 2412 enim
1477 2359 1879 2411 resurrectio
1919 2358 1992 2410 ad

92 2442 314 2496 ‘uitam
350 2459 469 2497 non
506 2445 652 2496 erit.
694 2444 904 2511 quintus
947 2446 1151 2512 praeter
1195 2446 1329 2512 quod
1374 2444 1725 2498 carnificinam
1763 2444 1901 2512 regis
1941 2446 1993 2496 et

59 2542 99 2578 2⁵
114 2526 265 2581 duros
291 2529 560 2596 uariosque
586 2531 843 2584 cruciatus
868 2530 989 2582 fidei
1015 2531 1194 2600 uigore
1221 2531 1482 2594 calcabat,
1511 2530 1576 2584 ad
1601 2529 1993 2597 praescientiam

116 2629 309 2681 quoque
347 2617 399 2668 et
436 2616 677 2669 notitiam
720 2615 1014 2670 futurorum
1053 2617 1240 2683 spiritu
1267 2616 1561 2669 diuinitatis
1589 2616 1849 2669 animatus
1873 2632 1992 2683 pro-

21 2726 24 2728 ·
83 2764 85 2766 ,
115 2700 348 2767 phetauit
371 2702 481 2771 regi
506 2702 915 2771 indignationem
941 2703 1037 2755 Dei
1065 2704 1116 2755 et
1142 2703 1393 2756 ultionem
1419 2702 1666 2755 uelociter
1683 2703 1991 2755 secuturam.

115 2788 544 2854 potestatem,
602 2788 794 2855 inquit,
853 2790 1028 2842 inter
1076 2790 1362 2842 homines
1409 2789 1673 2852 habenS‚
1731 2804 1866 2841 cum
1905 2787 1994 2840 sis

287 2945 342 2988 12
372 2945 421 2988 II
441 2945 576 2989 Mace.
602 2946 642 2998 7,
663 2947 703 2989 9.
792 2946 847 2989 21
879 2946 929 2989 II
949 2945 1085 2989 Mace.
1109 2945 1147 2997 7,
1171 2946 1240 2988 14.
1328 2945 1385 2988 28
1416 2945 1464 2987 II
1485 2945 1621 2988 Maec.
1646 2944 1684 2996 7,
1709 2944 1763 2988 16
1785 2956 1847 3000 sq.

199 3087 228 3130 2
257 3088 399 3144 primo
421 3090 487 3134 W
588 3090 616 3132 3
648 3089 708 3145 et]
732 3103 782 3133 ac
803 3090 868 3135 W
971 3089 1271 3133 constantiam
1292 3089 1337 3133 R
1439 3088 1664 3132 admoneri
1684 3088 1730 3132 R
1838 3089 1865 3131 5
1896 3099 1999 3130 con-

116 3157 288 3215 tingint
308 3159 362 3203 S²
496 3174 608 3217 quac
628 3160 829 3204 confessa
849 3175 890 3204 n.
915 3161 955 3205 d.
977 3161 1126 3205 fuerat
1148 3162 1236 3207 Wv
1367 3161 1393 3205 6
1423 3161 1523 3217 ipsa
1543 3174 1623 3205 om.
1642 3161 1707 3205 W
1820 3159 1845 3201 7
1876 3171 1997 3201 men·

118 3229 200 3275 bra
218 3231 264 3276 R
349 3232 377 3275 8
399 3232 560 3288 capitis
578 3233 710 3278 WRv
799 3233 961 3290 capillo
986 3235 1042 3275 W
1123 3235 1267 3277 certeo
1285 3232 1354 3285 S¹‚
1377 3234 1496 3276 certo
1515 3231 1715 3276 S²WRv
1797 3230 1852 3273 10
1881 3242 1997 3273 mar-

118 3302 260 3358 tyrem
280 3303 328 3349 R
441 3304 497 3348 ad
519 3304 574 3349 S¹
691 3306 746 3349 11
777 3305 1083 3349 muneratione
1103 3304 1150 3349 R
1266 3305 1320 3348 12
1350 3303 1662 3360 repromittens
1693 3301 1731 3346 S
1844 3300 1898 3344 13
1929 3300 1995 3355 ex]

86 3401 89 3403 ·
119 3373 171 3419 de
189 3375 235 3420 R
347 3376 501 3433 perdes
524 3376 579 3420 S¹
656 3402 661 3406 -
698 3377 752 3420 15
782 3376 1118 3420 resurrectionis
1144 3377 1208 3421 W
1321 3376 1376 3419 16
1406 3376 1589 3431 linguae
1616 3375 1681 3419 W
1697 3387 1729 3417 s.
1755 3373 1783 3416 l.
1803 3386 1860 3416 m.
1882 3375 1912 3416 2

121 3447 404 3491 exsecrandae
426 3447 472 3492 R
576 3449 581 3453 “
606 3448 660 3491 17
692 3461 720 3491 3
739 3460 820 3492 om.
845 3448 891 3493 R
1021 3460 1193 3504 quoque
1212 3447 1291 3490 ille
1313 3446 1351 3490 S
1480 3445 1538 3488 20
1566 3443 1624 3488 ad
1644 3443 1683 3488 S
1697 3457 1730 3487 s.
1754 3443 1781 3487 l.
1803 3457 1859 3486 m.
1880 3445 1911 3487 2

121 3516 176 3560 22
204 3519 359 3563 mortis
380 3519 427 3564 R
559 3519 616 3563 23
646 3519 702 3563 ab
725 3519 790 3575 eo]
813 3532 840 3563 a
860 3518 940 3563 deo
963 3518 1002 3564 S
1133 3518 1410 3562 suscitandos
1433 3516 1509 3568 S2,
1542 3515 1781 3559 suscitatos
1811 3514 1997 3568 S¹WR,

121 3589 328 3634 suscitari
355 3591 414 3643 V;
459 3591 507 3634 in
541 3591 684 3633 uitam
720 3593 944 3634 aeternam
978 3590 1086 3634 add.
1121 3604 1173 3645 υ,-
1205 3591 1265 3645 cf.
1300 3593 1398 3634 test.
1439 3587 1536 3631 III
1565 3589 1622 3630 17
1734 3586 1997 3630 resurrectio

122 3659 238 3704 enim
259 3661 298 3705 S
379 3663 437 3706 24
467 3661 681 3705 carnificii
702 3675 806 3705 nam
827 3662 873 3707 R
964 3663 1010 3706 et
1031 3674 1112 3706 om.
1139 3661 1177 3706 S

1548 3731 1616 3767 oo
1630 3731 1656 3760 *
