<?xml version="1.0" encoding="UTF-8"?>
<!DOCTYPE html PUBLIC "-//W3C//DTD XHTML 1.0 Transitional//EN"
    "http://www.w3.org/TR/xhtml1/DTD/xhtml1-transitional.dtd">
<html xmlns="http://www.w3.org/1999/xhtml" xml:lang="en" lang="en">
 <head>
  <title>
</title>
<meta http-equiv="Content-Type" content="text/html;charset=utf-8" />
  <meta name='ocr-system' content='tesseract 3.04.00' />
  <meta name='ocr-capabilities' content='ocr_page ocr_carea ocr_par ocr_line ocrx_word'/>
</head>
<body>
  <div class='ocr_page' id='page_1' title='image "./sthascicaecilicy03cypruoft_0594.png"; bbox 0 0 2332 3978; ppageno 0'>
   <div class='ocr_carea' id='block_1_1' title="bbox 1916 0 2332 1294">
    <p class='ocr_par' dir='ltr' id='par_1_1' title="bbox 1916 0 2332 1294">
     <span class='ocr_line' id='line_1_1' title="bbox 1916 0 2332 504; baseline 0 0"><span class='ocrx_word' id='word_1_1' title='bbox 1916 0 2332 504; x_wconf 95' lang='lat' dir='ltr'><strong>  </strong></span> 
     </span>
     <span class='ocr_line' id='line_1_2' title="bbox 2250 504 2332 1294; baseline 0 -578"><span class='ocrx_word' id='word_1_2' title='bbox 2250 504 2332 1294; x_wconf 95' lang='lat' dir='ltr'><strong>    </strong></span> 
     </span>
    </p>
   </div>
   <div class='ocr_carea' id='block_1_2' title="bbox 337 275 1552 334">
    <p class='ocr_par' dir='ltr' id='par_1_2' title="bbox 337 275 1552 334">
     <span class='ocr_line' id='line_1_3' title="bbox 337 275 1552 334; baseline -0.01 0"><span class='ocrx_word' id='word_1_3' title='bbox 337 278 445 334; x_wconf 84' lang='lat'><strong>580</strong></span> <span class='ocrx_word' id='word_1_4' title='bbox 990 275 1238 321; x_wconf 80' lang='lat' dir='ltr'><strong>Caecilii</strong></span> <span class='ocrx_word' id='word_1_5' title='bbox 1281 275 1552 334; x_wconf 81' lang='lat' dir='ltr'><strong>Cypriani</strong></span> 
     </span>
    </p>
   </div>
   <div class='ocr_carea' id='block_1_3' title="bbox 245 399 2332 2556">
    <p class='ocr_par' dir='ltr' id='par_1_3' title="bbox 245 399 2332 2026">
     <span class='ocr_line' id='line_1_4' title="bbox 245 399 2280 471; baseline 0.004 -11"><span class='ocrx_word' id='word_1_6' title='bbox 245 399 248 402; x_wconf 66' lang='grc'><strong><em>’</em></strong></span> <span class='ocrx_word' id='word_1_7' title='bbox 334 407 465 461; x_wconf 83' lang='grc'>(111111</span> <span class='ocrx_word' id='word_1_8' title='bbox 495 406 674 460; x_wconf 86' lang='lat' dir='ltr'><strong>diuina</strong></span> <span class='ocrx_word' id='word_1_9' title='bbox 698 404 957 471; x_wconf 85' lang='lat' dir='ltr'><strong>suffragia.</strong></span> <span class='ocrx_word' id='word_1_10' title='bbox 996 406 1241 460; x_wconf 81' lang='lat' dir='ltr'><strong>Aurelius</strong></span> <span class='ocrx_word' id='word_1_11' title='bbox 1266 406 1429 461; x_wconf 87' lang='lat' dir='ltr'><strong>frater</strong></span> <span class='ocrx_word' id='word_1_12' title='bbox 1452 407 1626 462; x_wconf 91' lang='lat' dir='ltr'><strong>noster</strong></span> <span class='ocrx_word' id='word_1_13' title='bbox 1649 408 1887 464; x_wconf 74' lang='lat' dir='ltr'><strong>inlustris</strong></span> <span class='ocrx_word' id='word_1_14' title='bbox 1913 412 2218 470; x_wconf 76' lang='lat' dir='ltr'><strong>adulescens</strong></span> <span class='ocrx_word' id='word_1_15' title='bbox 2277 457 2280 461; x_wconf 40' lang='lat'>‚</span> 
     </span>
     <span class='ocr_line' id='line_1_5' title="bbox 333 480 2242 567; baseline 0.004 -20"><span class='ocrx_word' id='word_1_16' title='bbox 333 509 364 547; x_wconf 92' lang='lat' dir='ltr'><strong>a</strong></span> <span class='ocrx_word' id='word_1_17' title='bbox 381 493 601 547; x_wconf 91' lang='lat' dir='ltr'><strong>Domino</strong></span> <span class='ocrx_word' id='word_1_18' title='bbox 626 492 734 546; x_wconf 91' lang='lat' dir='ltr'><strong>iam</strong></span> <span class='ocrx_word' id='word_1_19' title='bbox 757 492 1004 560; x_wconf 91' lang='lat' dir='ltr'><strong>probatus</strong></span> <span class='ocrx_word' id='word_1_20' title='bbox 1026 493 1078 546; x_wconf 90' lang='lat' dir='ltr'><strong>et</strong></span> <span class='ocrx_word' id='word_1_21' title='bbox 1096 494 1203 547; x_wconf 93' lang='lat' dir='ltr'><strong>Deo</strong></span> <span class='ocrx_word' id='word_1_22' title='bbox 1230 480 1377 548; x_wconf 71' lang='lat' dir='ltr'><strong>carus</strong></span> <span class='ocrx_word' id='word_1_23' title='bbox 1404 496 1498 561; x_wconf 89' lang='lat' dir='ltr'><strong>est,</strong></span> <span class='ocrx_word' id='word_1_24' title='bbox 1525 495 1581 548; x_wconf 91' lang='lat' dir='ltr'><strong>in</strong></span> <span class='ocrx_word' id='word_1_25' title='bbox 1600 496 1745 549; x_wconf 89' lang='lat' dir='ltr'><strong>annis</strong></span> <span class='ocrx_word' id='word_1_26' title='bbox 1770 497 1937 552; x_wconf 90' lang='lat' dir='ltr'><strong>adhuc</strong></span> <span class='ocrx_word' id='word_1_27' title='bbox 1960 500 2242 567; x_wconf 66' lang='lat' dir='ltr'><strong>nouellus‚&gt;</strong></span> 
     </span>
     <span class='ocr_line' id='line_1_6' title="bbox 334 578 2274 648; baseline 0.004 -15"><span class='ocrx_word' id='word_1_28' title='bbox 334 579 423 634; x_wconf 88' lang='lat' dir='ltr'><strong>sed</strong></span> <span class='ocrx_word' id='word_1_29' title='bbox 460 579 516 632; x_wconf 93' lang='lat' dir='ltr'><strong>in</strong></span> <span class='ocrx_word' id='word_1_30' title='bbox 551 578 764 633; x_wconf 89' lang='lat' dir='ltr'><strong>uirtutis</strong></span> <span class='ocrx_word' id='word_1_31' title='bbox 801 594 860 632; x_wconf 93' lang='lat' dir='ltr'><strong>ac</strong></span> <span class='ocrx_word' id='word_1_32' title='bbox 896 578 1017 632; x_wconf 88' lang='lat' dir='ltr'><strong>fidei</strong></span> <span class='ocrx_word' id='word_1_33' title='bbox 1054 578 1208 633; x_wconf 92' lang='lat' dir='ltr'><strong>laude</strong></span> <span class='ocrx_word' id='word_1_34' title='bbox 1244 581 1533 648; x_wconf 55' lang='lat' dir='ltr'><strong>prouectus</strong></span> <span class='ocrx_word' id='word_1_35' title='bbox 1577 582 1746 636; x_wconf 91' lang='lat' dir='ltr'><strong>minor</strong></span> <span class='ocrx_word' id='word_1_36' title='bbox 1779 583 1835 637; x_wconf 91' lang='lat' dir='ltr'><strong>in</strong></span> <span class='ocrx_word' id='word_1_37' title='bbox 1870 579 2054 639; x_wconf 88' lang='lat' dir='ltr'><strong>aetatis</strong></span> <span class='ocrx_word' id='word_1_38' title='bbox 2091 601 2214 641; x_wconf 91' lang='lat' dir='ltr'><strong>suae</strong></span> <span class='ocrx_word' id='word_1_39' title='bbox 2272 622 2274 626; x_wconf 66' lang='lat'>,</span> 
     </span>
     <span class='ocr_line' id='line_1_7' title="bbox 333 661 2284 738; baseline 0.004 -19"><span class='ocrx_word' id='word_1_40' title='bbox 333 666 519 731; x_wconf 90' lang='lat' dir='ltr'><strong>indole,</strong></span> <span class='ocrx_word' id='word_1_41' title='bbox 559 666 647 720; x_wconf 91' lang='lat' dir='ltr'><strong>sed</strong></span> <span class='ocrx_word' id='word_1_42' title='bbox 670 665 850 720; x_wconf 51' lang='lat' dir='ltr'><strong>‘maior</strong></span> <span class='ocrx_word' id='word_1_43' title='bbox 872 666 928 719; x_wconf 90' lang='lat' dir='ltr'><strong>in</strong></span> <span class='ocrx_word' id='word_1_44' title='bbox 952 666 1164 719; x_wconf 88' lang='lat' dir='ltr'><strong>honore:</strong></span> <span class='ocrx_word' id='word_1_45' title='bbox 1201 667 1405 736; x_wconf 91' lang='lat' dir='ltr'><strong>gemino</strong></span> <span class='ocrx_word' id='word_1_46' title='bbox 1430 667 1516 722; x_wconf 90' lang='lat' dir='ltr'><strong>hic</strong></span> <span class='ocrx_word' id='word_1_47' title='bbox 1540 683 1700 738; x_wconf 88' lang='lat' dir='ltr'><strong>agone</strong></span> <span class='ocrx_word' id='word_1_48' title='bbox 1726 670 1960 737; x_wconf 88' lang='lat' dir='ltr'><strong>certauit,</strong></span> <span class='ocrx_word' id='word_1_49' title='bbox 1987 672 2068 727; x_wconf 93' lang='lat' dir='ltr'><strong>bis</strong></span> <span class='ocrx_word' id='word_1_50' title='bbox 2093 688 2214 727; x_wconf 88' lang='lat' dir='ltr'><strong>con·</strong></span> <span class='ocrx_word' id='word_1_51' title='bbox 2279 661 2284 699; x_wconf 70' lang='lat'>³</span> 
     </span>
     <span class='ocr_line' id='line_1_8' title="bbox 332 737 2293 825; baseline 0.005 -20"><span class='ocrx_word' id='word_1_52' title='bbox 332 752 496 807; x_wconf 88' lang='lat' dir='ltr'><strong>fessus</strong></span> <span class='ocrx_word' id='word_1_53' title='bbox 522 754 573 806; x_wconf 91' lang='lat' dir='ltr'><strong>et</strong></span> <span class='ocrx_word' id='word_1_54' title='bbox 598 752 678 805; x_wconf 90' lang='lat' dir='ltr'><strong>bis</strong></span> <span class='ocrx_word' id='word_1_55' title='bbox 712 751 1041 806; x_wconf 85' lang='lat' dir='ltr'><strong>confessionis</strong></span> <span class='ocrx_word' id='word_1_56' title='bbox 1075 767 1198 806; x_wconf 90' lang='lat' dir='ltr'><strong>suae</strong></span> <span class='ocrx_word' id='word_1_57' title='bbox 1223 752 1442 807; x_wconf 89' lang='lat' dir='ltr'><strong>uictoria</strong></span> <span class='ocrx_word' id='word_1_58' title='bbox 1467 754 1737 824; x_wconf 88' lang='lat' dir='ltr'><strong>gloriosus,</strong></span> <span class='ocrx_word' id='word_1_59' title='bbox 1777 757 1830 810; x_wconf 87' lang='lat' dir='ltr'><strong>et</strong></span> <span class='ocrx_word' id='word_1_60' title='bbox 1854 758 2054 825; x_wconf 90' lang='lat' dir='ltr'><strong>quando</strong></span> <span class='ocrx_word' id='word_1_61' title='bbox 2079 760 2210 815; x_wconf 91' lang='lat' dir='ltr'><strong>uicit</strong></span> <span class='ocrx_word' id='word_1_62' title='bbox 2226 781 2252 814; x_wconf 62' lang='grc' dir='ltr'><strong>τι</strong></span> <span class='ocrx_word' id='word_1_63' title='bbox 2284 737 2293 805; x_wconf 44' lang='lat'><strong>&gt;⁷</strong></span> 
     </span>
     <span class='ocr_line' id='line_1_9' title="bbox 333 839 2293 916; baseline 0.005 -25"><span class='ocrx_word' id='word_1_64' title='bbox 333 839 386 892; x_wconf 94' lang='lat' dir='ltr'><strong>in</strong></span> <span class='ocrx_word' id='word_1_65' title='bbox 423 854 575 893; x_wconf 90' lang='lat' dir='ltr'><strong>cursu</strong></span> <span class='ocrx_word' id='word_1_66' title='bbox 604 839 774 893; x_wconf 86' lang='lat' dir='ltr'><strong>factus</strong></span> <span class='ocrx_word' id='word_1_67' title='bbox 809 839 1022 893; x_wconf 85' lang='lat' dir='ltr'><strong>extorris</strong></span> <span class='ocrx_word' id='word_1_68' title='bbox 1061 839 1113 892; x_wconf 91' lang='lat' dir='ltr'><strong>et</strong></span> <span class='ocrx_word' id='word_1_69' title='bbox 1138 855 1257 892; x_wconf 92' lang='lat' dir='ltr'><strong>cum</strong></span> <span class='ocrx_word' id='word_1_70' title='bbox 1283 839 1448 893; x_wconf 92' lang='lat' dir='ltr'><strong>denuo</strong></span> <span class='ocrx_word' id='word_1_71' title='bbox 1475 841 1752 896; x_wconf 73' lang='lat' dir='ltr'><strong>certamine</strong></span> <span class='ocrx_word' id='word_1_72' title='bbox 1777 843 1987 899; x_wconf 88' lang='lat' dir='ltr'><strong>fortiore</strong></span> <span class='ocrx_word' id='word_1_73' title='bbox 2012 862 2212 916; x_wconf 88' lang='lat' dir='ltr'><strong>pugna·</strong></span> <span class='ocrx_word' id='word_1_74' title='bbox 2290 883 2293 890; x_wconf 72' lang='lat'>‚</span> 
     </span>
     <span class='ocr_line' id='line_1_10' title="bbox 335 925 2294 998; baseline 0.002 -18"><span class='ocrx_word' id='word_1_75' title='bbox 335 927 416 980; x_wconf 88' lang='lat' dir='ltr'><strong>uit</strong></span> <span class='ocrx_word' id='word_1_76' title='bbox 452 926 802 994; x_wconf 89' lang='lat' dir='ltr'><strong>triumphator</strong></span> <span class='ocrx_word' id='word_1_77' title='bbox 841 927 893 979; x_wconf 91' lang='lat' dir='ltr'><strong>et</strong></span> <span class='ocrx_word' id='word_1_78' title='bbox 931 926 1097 979; x_wconf 90' lang='lat' dir='ltr'><strong>uictor</strong></span> <span class='ocrx_word' id='word_1_79' title='bbox 1134 925 1188 979; x_wconf 93' lang='lat' dir='ltr'><strong>in</strong></span> <span class='ocrx_word' id='word_1_80' title='bbox 1221 926 1412 995; x_wconf 83' lang='lat' dir='ltr'><strong>proelio</strong></span> <span class='ocrx_word' id='word_1_81' title='bbox 1450 928 1718 996; x_wconf 89' lang='lat' dir='ltr'><strong>passionis.</strong></span> <span class='ocrx_word' id='word_1_82' title='bbox 1757 930 1990 998; x_wconf 91' lang='lat' dir='ltr'><strong>quotiens</strong></span> <span class='ocrx_word' id='word_1_83' title='bbox 2029 932 2212 986; x_wconf 91' lang='lat' dir='ltr'><strong>aduer-</strong></span> <span class='ocrx_word' id='word_1_84' title='bbox 2283 931 2294 983; x_wconf 69' lang='grc' dir='ltr'><strong>4ἲ</strong></span> 
     </span>
     <span class='ocr_line' id='line_1_11' title="bbox 333 1000 2303 1084; baseline 0.004 -17"><span class='ocrx_word' id='word_1_85' title='bbox 333 1014 498 1067; x_wconf 91' lang='lat' dir='ltr'><strong>sarius</strong></span> <span class='ocrx_word' id='word_1_86' title='bbox 523 1028 796 1081; x_wconf 88' lang='lat' dir='ltr'><strong>prouocare</strong></span> <span class='ocrx_word' id='word_1_87' title='bbox 823 1027 995 1066; x_wconf 91' lang='lat' dir='ltr'><strong>seruos</strong></span> <span class='ocrx_word' id='word_1_88' title='bbox 1019 1013 1117 1065; x_wconf 92' lang='lat' dir='ltr'><strong>Dei</strong></span> <span class='ocrx_word' id='word_1_89' title='bbox 1142 1014 1326 1078; x_wconf 89' lang='lat' dir='ltr'><strong>uoluit,</strong></span> <span class='ocrx_word' id='word_1_90' title='bbox 1362 1014 1554 1068; x_wconf 89' lang='lat' dir='ltr'><strong>totiens</strong></span> <span class='ocrx_word' id='word_1_91' title='bbox 1578 1000 1997 1084; x_wconf 86' lang='lat' dir='ltr'><strong>promptissimus</strong></span> <span class='ocrx_word' id='word_1_92' title='bbox 2023 1035 2081 1072; x_wconf 92' lang='lat' dir='ltr'><strong>ac</strong></span> <span class='ocrx_word' id='word_1_93' title='bbox 2106 1019 2212 1074; x_wconf 88' lang='lat' dir='ltr'><strong>for-</strong></span> <span class='ocrx_word' id='word_1_94' title='bbox 2300 1045 2303 1051; x_wconf 94' lang='lat'><strong>·</strong></span> 
     </span>
     <span class='ocr_line' id='line_1_12' title="bbox 331 1100 2306 1179; baseline 0.003 -25"><span class='ocrx_word' id='word_1_95' title='bbox 331 1101 566 1155; x_wconf 77' lang='lat' dir='ltr'><strong>tissimus</strong></span> <span class='ocrx_word' id='word_1_96' title='bbox 592 1101 742 1154; x_wconf 88' lang='lat' dir='ltr'><strong>miles</strong></span> <span class='ocrx_word' id='word_1_97' title='bbox 767 1101 819 1153; x_wconf 91' lang='lat' dir='ltr'><strong>et</strong></span> <span class='ocrx_word' id='word_1_98' title='bbox 843 1100 1099 1169; x_wconf 90' lang='lat' dir='ltr'><strong>pugnauit</strong></span> <span class='ocrx_word' id='word_1_99' title='bbox 1124 1101 1176 1153; x_wconf 91' lang='grc'><strong>61</strong></span> <span class='ocrx_word' id='word_1_100' title='bbox 1201 1100 1344 1153; x_wconf 88' lang='grc'>111011.</span> <span class='ocrx_word' id='word_1_101' title='bbox 1380 1116 1563 1169; x_wconf 91' lang='lat' dir='ltr'><strong>parum</strong></span> <span class='ocrx_word' id='word_1_102' title='bbox 1589 1101 1758 1156; x_wconf 90' lang='lat' dir='ltr'><strong>fuerat</strong></span> <span class='ocrx_word' id='word_1_103' title='bbox 1783 1104 1877 1157; x_wconf 89' lang='lat' dir='ltr'><strong>sub</strong></span> <span class='ocrx_word' id='word_1_104' title='bbox 1906 1105 2067 1158; x_wconf 92' lang='lat' dir='ltr'><strong>oculis</strong></span> <span class='ocrx_word' id='word_1_105' title='bbox 2094 1106 2212 1179; x_wconf 84' lang='lat' dir='ltr'><strong>ante</strong></span> <span class='ocrx_word' id='word_1_106' title='bbox 2300 1140 2306 1169; x_wconf 56' lang='lat'>2</span> 
     </span>
     <span class='ocr_line' id='line_1_13' title="bbox 330 1175 2314 1258; baseline 0.003 -17"><span class='ocrx_word' id='word_1_107' title='bbox 330 1202 627 1257; x_wconf 85' lang='lat' dir='ltr'><strong>paucorum,</strong></span> <span class='ocrx_word' id='word_1_108' title='bbox 668 1186 870 1254; x_wconf 90' lang='lat' dir='ltr'><strong>quando</strong></span> <span class='ocrx_word' id='word_1_109' title='bbox 909 1187 1122 1240; x_wconf 86' lang='lat' dir='ltr'><strong>extorris</strong></span> <span class='ocrx_word' id='word_1_110' title='bbox 1153 1186 1324 1252; x_wconf 88' lang='lat' dir='ltr'><strong>fiebat,</strong></span> <span class='ocrx_word' id='word_1_111' title='bbox 1365 1202 1692 1258; x_wconf 87' lang='lat' dir='ltr'><strong>congressum</strong></span> <span class='ocrx_word' id='word_1_112' title='bbox 1718 1189 1901 1243; x_wconf 84' lang='lat' dir='ltr'><strong>fuisse:</strong></span> <span class='ocrx_word' id='word_1_113' title='bbox 1941 1193 2132 1246; x_wconf 88' lang='lat' dir='ltr'><strong>meruit</strong></span> <span class='ocrx_word' id='word_1_114' title='bbox 2159 1194 2275 1246; x_wconf 75' lang='lat' dir='ltr'><strong>etio·</strong></span> <span class='ocrx_word' id='word_1_115' title='bbox 2299 1175 2314 1239; x_wconf 56' lang='lat' dir='ltr'>J</span> 
     </span>
     <span class='ocr_line' id='line_1_14' title="bbox 329 1261 2316 1345; baseline 0.003 -17"><span class='ocrx_word' id='word_1_116' title='bbox 329 1275 384 1328; x_wconf 92' lang='lat' dir='ltr'><strong>in</strong></span> <span class='ocrx_word' id='word_1_117' title='bbox 410 1274 517 1327; x_wconf 90' lang='lat' dir='ltr'><strong>foro</strong></span> <span class='ocrx_word' id='word_1_118' title='bbox 551 1272 790 1342; x_wconf 78' lang='lat' dir='ltr'><strong>congredi</strong></span> <span class='ocrx_word' id='word_1_119' title='bbox 827 1273 1042 1327; x_wconf 92' lang='lat' dir='ltr'><strong>clariore</strong></span> <span class='ocrx_word' id='word_1_120' title='bbox 1075 1273 1288 1339; x_wconf 88' lang='lat' dir='ltr'><strong>uirtute,</strong></span> <span class='ocrx_word' id='word_1_121' title='bbox 1329 1275 1388 1327; x_wconf 91' lang='lat' dir='ltr'><strong>ut</strong></span> <span class='ocrx_word' id='word_1_122' title='bbox 1413 1275 1530 1343; x_wconf 90' lang='lat' dir='ltr'><strong>post</strong></span> <span class='ocrx_word' id='word_1_123' title='bbox 1555 1275 1897 1344; x_wconf 75' lang='lat' dir='ltr'><strong>magistratus</strong></span> <span class='ocrx_word' id='word_1_124' title='bbox 1925 1279 1976 1331; x_wconf 90' lang='grc'><strong>61</strong></span> <span class='ocrx_word' id='word_1_125' title='bbox 2001 1293 2211 1345; x_wconf 87' lang='lat' dir='ltr'><strong>procon—</strong></span> <span class='ocrx_word' id='word_1_126' title='bbox 2314 1261 2316 1264; x_wconf 26' lang='lat'><strong><em>¹</em></strong></span> 
     </span>
     <span class='ocr_line' id='line_1_15' title="bbox 331 1359 2210 1428; baseline 0.003 -15"><span class='ocrx_word' id='word_1_127' title='bbox 331 1361 495 1414; x_wconf 90' lang='lat' dir='ltr'><strong>sulem</strong></span> <span class='ocrx_word' id='word_1_128' title='bbox 539 1361 780 1424; x_wconf 89' lang='lat' dir='ltr'><strong>uinceret,</strong></span> <span class='ocrx_word' id='word_1_129' title='bbox 824 1360 940 1427; x_wconf 91' lang='lat' dir='ltr'><strong>post</strong></span> <span class='ocrx_word' id='word_1_130' title='bbox 984 1359 1198 1412; x_wconf 86' lang='lat' dir='ltr'><strong>exilium</strong></span> <span class='ocrx_word' id='word_1_131' title='bbox 1241 1361 1500 1414; x_wconf 89' lang='lat' dir='ltr'><strong>tormenta</strong></span> <span class='ocrx_word' id='word_1_132' title='bbox 1543 1365 1821 1428; x_wconf 86' lang='lat' dir='ltr'><strong>superaret.</strong></span> <span class='ocrx_word' id='word_1_133' title='bbox 1866 1380 1958 1417; x_wconf 92' lang='lat' dir='ltr'><strong>nec</strong></span> <span class='ocrx_word' id='word_1_134' title='bbox 2002 1364 2210 1418; x_wconf 91' lang='lat' dir='ltr'><strong>inuenio</strong></span> 
     </span>
     <span class='ocr_line' id='line_1_16' title="bbox 330 1446 2209 1517; baseline 0.002 -16"><span class='ocrx_word' id='word_1_135' title='bbox 330 1449 454 1517; x_wconf 90' lang='lat' dir='ltr'><strong>quid</strong></span> <span class='ocrx_word' id='word_1_136' title='bbox 487 1449 542 1501; x_wconf 92' lang='lat' dir='ltr'><strong>in</strong></span> <span class='ocrx_word' id='word_1_137' title='bbox 569 1463 625 1501; x_wconf 91' lang='lat' dir='ltr'><strong>eo</strong></span> <span class='ocrx_word' id='word_1_138' title='bbox 651 1447 945 1515; x_wconf 89' lang='lat' dir='ltr'><strong>praedicare</strong></span> <span class='ocrx_word' id='word_1_139' title='bbox 982 1447 1099 1513; x_wconf 90' lang='lat' dir='ltr'><strong>plus</strong></span> <span class='ocrx_word' id='word_1_140' title='bbox 1138 1446 1368 1512; x_wconf 83' lang='lat' dir='ltr'><strong>debeam,</strong></span> <span class='ocrx_word' id='word_1_141' title='bbox 1408 1446 1630 1516; x_wconf 84' lang='lat' dir='ltr'><strong>gloriam</strong></span> <span class='ocrx_word' id='word_1_142' title='bbox 1656 1448 1930 1502; x_wconf 88' lang='lat' dir='ltr'><strong>uulnerum</strong></span> <span class='ocrx_word' id='word_1_143' title='bbox 1966 1466 2030 1503; x_wconf 94' lang='lat' dir='ltr'><strong>an</strong></span> <span class='ocrx_word' id='word_1_144' title='bbox 2065 1467 2209 1505; x_wconf 93' lang='lat' dir='ltr'><strong>uere-</strong></span> 
     </span>
     <span class='ocr_line' id='line_1_17' title="bbox 330 1533 2209 1606; baseline 0.002 -18"><span class='ocrx_word' id='word_1_145' title='bbox 330 1535 571 1589; x_wconf 78' lang='lat' dir='ltr'><strong>cundiam</strong></span> <span class='ocrx_word' id='word_1_146' title='bbox 620 1548 840 1598; x_wconf 88' lang='lat' dir='ltr'><strong>morum‚</strong></span> <span class='ocrx_word' id='word_1_147' title='bbox 894 1533 1028 1600; x_wconf 93' lang='lat' dir='ltr'><strong>quod</strong></span> <span class='ocrx_word' id='word_1_148' title='bbox 1077 1534 1265 1587; x_wconf 89' lang='lat' dir='ltr'><strong>honore</strong></span> <span class='ocrx_word' id='word_1_149' title='bbox 1314 1534 1528 1587; x_wconf 91' lang='lat' dir='ltr'><strong>uirtutis</strong></span> <span class='ocrx_word' id='word_1_150' title='bbox 1578 1534 1796 1604; x_wconf 90' lang='lat' dir='ltr'><strong>insignis</strong></span> <span class='ocrx_word' id='word_1_151' title='bbox 1847 1537 1925 1588; x_wconf 91' lang='lat' dir='ltr'><strong>est</strong></span> <span class='ocrx_word' id='word_1_152' title='bbox 1961 1553 2032 1590; x_wconf 89' lang='lat' dir='ltr'><strong>an</strong></span> <span class='ocrx_word' id='word_1_153' title='bbox 2075 1539 2209 1606; x_wconf 92' lang='lat' dir='ltr'><strong>quod</strong></span> 
     </span>
     <span class='ocr_line' id='line_1_18' title="bbox 328 1611 2332 1690; baseline 0.002 -16"><span class='ocrx_word' id='word_1_154' title='bbox 328 1622 537 1689; x_wconf 89' lang='lat' dir='ltr'><strong>pudoris</strong></span> <span class='ocrx_word' id='word_1_155' title='bbox 575 1620 915 1674; x_wconf 87' lang='lat' dir='ltr'><strong>admiratione</strong></span> <span class='ocrx_word' id='word_1_156' title='bbox 953 1620 1271 1673; x_wconf 77' lang='lat' dir='ltr'><strong>laudabilis?</strong></span> <span class='ocrx_word' id='word_1_157' title='bbox 1309 1620 1386 1674; x_wconf 89' lang='lat' dir='ltr'><strong>ita</strong></span> <span class='ocrx_word' id='word_1_158' title='bbox 1412 1621 1463 1674; x_wconf 85' lang='lat' dir='ltr'><strong>et</strong></span> <span class='ocrx_word' id='word_1_159' title='bbox 1488 1620 1745 1690; x_wconf 86' lang='lat' dir='ltr'><strong>dignitate</strong></span> <span class='ocrx_word' id='word_1_160' title='bbox 1785 1624 2012 1677; x_wconf 88' lang='lat' dir='ltr'><strong>excelsus</strong></span> <span class='ocrx_word' id='word_1_161' title='bbox 2049 1625 2126 1676; x_wconf 91' lang='lat' dir='ltr'><strong>est</strong></span> <span class='ocrx_word' id='word_1_162' title='bbox 2158 1626 2209 1678; x_wconf 91' lang='lat' dir='ltr'><strong>et</strong></span> <span class='ocrx_word' id='word_1_163' title='bbox 2226 1646 2270 1678; x_wconf 77' lang='lat'><strong>1⁵</strong></span> <span class='ocrx_word' id='word_1_164' title='bbox 2317 1611 2332 1684; x_wconf 86' lang='lat'><strong>³.</strong></span> 
     </span>
     <span class='ocr_line' id='line_1_19' title="bbox 328 1696 2332 1774; baseline 0.001 -13"><span class='ocrx_word' id='word_1_165' title='bbox 328 1708 627 1761; x_wconf 86' lang='lat' dir='ltr'><strong>humilitate</strong></span> <span class='ocrx_word' id='word_1_166' title='bbox 672 1707 980 1759; x_wconf 90' lang='lat' dir='ltr'><strong>summissus</strong></span> <span class='ocrx_word' id='word_1_167' title='bbox 1019 1707 1077 1758; x_wconf 91' lang='lat' dir='ltr'><strong>ut</strong></span> <span class='ocrx_word' id='word_1_168' title='bbox 1116 1707 1360 1774; x_wconf 84' lang='lat' dir='ltr'><strong>appareat</strong></span> <span class='ocrx_word' id='word_1_169' title='bbox 1402 1707 1557 1760; x_wconf 89' lang='lat' dir='ltr'><strong>illum</strong></span> <span class='ocrx_word' id='word_1_170' title='bbox 1600 1708 1853 1763; x_wconf 89' lang='lat' dir='ltr'><strong>diuinitus</strong></span> <span class='ocrx_word' id='word_1_171' title='bbox 1891 1712 2208 1764; x_wconf 89' lang='lat' dir='ltr'><strong>reseruatum</strong></span> <span class='ocrx_word' id='word_1_172' title='bbox 2324 1696 2332 1721; x_wconf 40' lang='lat'><strong>&#39;³</strong></span> 
     </span>
     <span class='ocr_line' id='line_1_20' title="bbox 329 1793 2332 1865; baseline 0.001 -17"><span class='ocrx_word' id='word_1_173' title='bbox 329 1796 417 1864; x_wconf 90' lang='lat' dir='ltr'><strong>qui</strong></span> <span class='ocrx_word' id='word_1_174' title='bbox 444 1795 508 1848; x_wconf 91' lang='lat' dir='ltr'><strong>ad</strong></span> <span class='ocrx_word' id='word_1_175' title='bbox 535 1793 929 1848; x_wconf 86' lang='lat' dir='ltr'><strong>ecclesiasticam</strong></span> <span class='ocrx_word' id='word_1_176' title='bbox 960 1793 1288 1860; x_wconf 87' lang='lat' dir='ltr'><strong>disciplinam</strong></span> <span class='ocrx_word' id='word_1_177' title='bbox 1316 1794 1498 1847; x_wconf 87' lang='lat' dir='ltr'><strong>ceteris</strong></span> <span class='ocrx_word' id='word_1_178' title='bbox 1525 1796 1658 1848; x_wconf 89' lang='lat' dir='ltr'><strong>esset</strong></span> <span class='ocrx_word' id='word_1_179' title='bbox 1684 1796 1928 1864; x_wconf 87' lang='lat' dir='ltr'><strong>exemp10‚</strong></span> <span class='ocrx_word' id='word_1_180' title='bbox 1958 1799 2209 1864; x_wconf 92' lang='lat' dir='ltr'><strong>quomodo</strong></span> <span class='ocrx_word' id='word_1_181' title='bbox 2331 1861 2332 1865; x_wconf 6' lang='grc' dir='ltr'><strong>Ἰ</strong></span> 
     </span>
     <span class='ocr_line' id='line_1_21' title="bbox 328 1876 2332 1950; baseline 0.002 -16"><span class='ocrx_word' id='word_1_182' title='bbox 328 1881 464 1934; x_wconf 88' lang='lat' dir='ltr'><strong>serui</strong></span> <span class='ocrx_word' id='word_1_183' title='bbox 489 1881 586 1933; x_wconf 87' lang='lat' dir='ltr'><strong>Dei</strong></span> <span class='ocrx_word' id='word_1_184' title='bbox 621 1881 674 1932; x_wconf 91' lang='lat' dir='ltr'><strong>in</strong></span> <span class='ocrx_word' id='word_1_185' title='bbox 701 1880 1011 1933; x_wconf 89' lang='lat' dir='ltr'><strong>confessione</strong></span> <span class='ocrx_word' id='word_1_186' title='bbox 1045 1879 1334 1933; x_wconf 85' lang='lat' dir='ltr'><strong>uirtutibus</strong></span> <span class='ocrx_word' id='word_1_187' title='bbox 1370 1881 1651 1947; x_wconf 82' lang='lat' dir='ltr'><strong>uincerent,</strong></span> <span class='ocrx_word' id='word_1_188' title='bbox 1689 1885 1805 1950; x_wconf 90' lang='lat' dir='ltr'><strong>post</strong></span> <span class='ocrx_word' id='word_1_189' title='bbox 1840 1883 2208 1938; x_wconf 86' lang='lat' dir='ltr'><strong>confessionem</strong></span> <span class='ocrx_word' id='word_1_190' title='bbox 2257 1917 2259 1919; x_wconf 7' lang='grc' dir='ltr'>μ</span> <span class='ocrx_word' id='word_1_191' title='bbox 2328 1876 2332 1924; x_wconf 81' lang='grc' dir='ltr'>ἶ</span> 
     </span>
     <span class='ocr_line' id='line_1_22' title="bbox 328 1968 2315 2026; baseline 0.002 -4"><span class='ocrx_word' id='word_1_192' title='bbox 328 1969 557 2022; x_wconf 88' lang='lat' dir='ltr'><strong>moribus</strong></span> <span class='ocrx_word' id='word_1_193' title='bbox 585 1968 883 2021; x_wconf 88' lang='lat' dir='ltr'><strong>eminerent.</strong></span> <span class='ocrx_word' id='word_1_194' title='bbox 2307 2022 2315 2026; x_wconf 77' lang='lat'><strong>-</strong></span> 
     </span>
    </p>

    <p class='ocr_par' dir='ltr' id='par_1_4' title="bbox 280 2051 2332 2556">
     <span class='ocr_line' id='line_1_23' title="bbox 280 2051 2332 2125; baseline 0.001 -22"><span class='ocrx_word' id='word_1_195' title='bbox 280 2051 309 2103; x_wconf 83' lang='lat'>2</span> <span class='ocrx_word' id='word_1_196' title='bbox 396 2054 691 2108; x_wconf 89' lang='lat' dir='ltr'><strong>Merebatur</strong></span> <span class='ocrx_word' id='word_1_197' title='bbox 725 2053 848 2106; x_wconf 90' lang='lat' dir='ltr'><strong>talis</strong></span> <span class='ocrx_word' id='word_1_198' title='bbox 888 2053 1098 2106; x_wconf 88' lang='lat' dir='ltr'><strong>clericae</strong></span> <span class='ocrx_word' id='word_1_199' title='bbox 1136 2053 1471 2106; x_wconf 87' lang='lat' dir='ltr'><strong>ordinationis</strong></span> <span class='ocrx_word' id='word_1_200' title='bbox 1506 2054 1773 2108; x_wconf 86' lang='lat' dir='ltr'><strong>ulteriores</strong></span> <span class='ocrx_word' id='word_1_201' title='bbox 1809 2056 1998 2125; x_wconf 88' lang='lat' dir='ltr'><strong>gradus</strong></span> <span class='ocrx_word' id='word_1_202' title='bbox 2035 2058 2086 2109; x_wconf 93' lang='lat' dir='ltr'><strong>et</strong></span> <span class='ocrx_word' id='word_1_203' title='bbox 2120 2057 2200 2109; x_wconf 91' lang='grc'>111-</span> <span class='ocrx_word' id='word_1_204' title='bbox 2221 2079 2267 2112; x_wconf 84' lang='lat'><strong>20·</strong></span> <span class='ocrx_word' id='word_1_205' title='bbox 2327 2091 2332 2119; x_wconf 79' lang='lat' dir='ltr'><strong>-z</strong></span> 
     </span>
     <span class='ocr_line' id='line_1_24' title="bbox 329 2138 2330 2204; baseline 0.001 -9"><span class='ocrx_word' id='word_1_206' title='bbox 329 2142 588 2195; x_wconf 90' lang='lat' dir='ltr'><strong>crementa</strong></span> <span class='ocrx_word' id='word_1_207' title='bbox 624 2139 837 2204; x_wconf 81' lang='lat' dir='ltr'><strong>maiora,</strong></span> <span class='ocrx_word' id='word_1_208' title='bbox 874 2155 974 2192; x_wconf 92' lang='lat' dir='ltr'><strong>non</strong></span> <span class='ocrx_word' id='word_1_209' title='bbox 1009 2139 1071 2191; x_wconf 88' lang='lat' dir='ltr'><strong>de</strong></span> <span class='ocrx_word' id='word_1_210' title='bbox 1106 2139 1253 2192; x_wconf 90' lang='lat' dir='ltr'><strong>annis</strong></span> <span class='ocrx_word' id='word_1_211' title='bbox 1280 2139 1386 2192; x_wconf 89' lang='lat' dir='ltr'><strong>suis</strong></span> <span class='ocrx_word' id='word_1_212' title='bbox 1413 2139 1501 2192; x_wconf 89' lang='lat' dir='ltr'><strong>sed</strong></span> <span class='ocrx_word' id='word_1_213' title='bbox 1527 2140 1587 2193; x_wconf 90' lang='lat' dir='ltr'><strong>de</strong></span> <span class='ocrx_word' id='word_1_214' title='bbox 1614 2141 1813 2201; x_wconf 89' lang='lat' dir='ltr'><strong>meritis</strong></span> <span class='ocrx_word' id='word_1_215' title='bbox 1840 2143 2205 2197; x_wconf 79' lang='lat' dir='ltr'><strong>aestimandus,</strong></span> <span class='ocrx_word' id='word_1_216' title='bbox 2327 2138 2330 2142; x_wconf 74' lang='grc'><strong>’</strong></span> 
     </span>
     <span class='ocr_line' id='line_1_25' title="bbox 326 2226 2207 2296; baseline 0.001 -16"><span class='ocrx_word' id='word_1_217' title='bbox 326 2228 413 2280; x_wconf 87' lang='lat' dir='ltr'><strong>sed</strong></span> <span class='ocrx_word' id='word_1_218' title='bbox 451 2226 662 2279; x_wconf 88' lang='lat' dir='ltr'><strong>interim</strong></span> <span class='ocrx_word' id='word_1_219' title='bbox 698 2226 897 2294; x_wconf 87' lang='lat' dir='ltr'><strong>placuit</strong></span> <span class='ocrx_word' id='word_1_220' title='bbox 923 2227 982 2278; x_wconf 91' lang='lat' dir='ltr'><strong>ut</strong></span> <span class='ocrx_word' id='word_1_221' title='bbox 1008 2226 1071 2279; x_wconf 93' lang='lat' dir='ltr'><strong>ab</strong></span> <span class='ocrx_word' id='word_1_222' title='bbox 1098 2226 1265 2278; x_wconf 89' lang='lat' dir='ltr'><strong>officio</strong></span> <span class='ocrx_word' id='word_1_223' title='bbox 1302 2226 1538 2280; x_wconf 90' lang='lat' dir='ltr'><strong>lectionis</strong></span> <span class='ocrx_word' id='word_1_224' title='bbox 1575 2227 1803 2295; x_wconf 81' lang='lat' dir='ltr'><strong>incipiat,</strong></span> <span class='ocrx_word' id='word_1_225' title='bbox 1851 2229 1971 2296; x_wconf 90' lang='lat' dir='ltr'><strong>quia</strong></span> <span class='ocrx_word' id='word_1_226' title='bbox 1997 2231 2049 2282; x_wconf 91' lang='lat' dir='ltr'><strong>et</strong></span> <span class='ocrx_word' id='word_1_227' title='bbox 2074 2229 2207 2282; x_wconf 88' lang='lat' dir='ltr'><strong>nihil</strong></span> 
     </span>
     <span class='ocr_line' id='line_1_26' title="bbox 327 2312 2208 2383; baseline 0.001 -17"><span class='ocrx_word' id='word_1_228' title='bbox 327 2313 494 2382; x_wconf 90' lang='lat' dir='ltr'><strong>magis</strong></span> <span class='ocrx_word' id='word_1_229' title='bbox 534 2312 768 2383; x_wconf 87' lang='lat' dir='ltr'><strong>congruit</strong></span> <span class='ocrx_word' id='word_1_230' title='bbox 803 2312 916 2364; x_wconf 89' lang='lat' dir='ltr'><strong>uoci</strong></span> <span class='ocrx_word' id='word_1_231' title='bbox 944 2328 1073 2379; x_wconf 89' lang='lat' dir='ltr'><strong>quae</strong></span> <span class='ocrx_word' id='word_1_232' title='bbox 1098 2313 1266 2364; x_wconf 89' lang='lat' dir='ltr'><strong>Deum</strong></span> <span class='ocrx_word' id='word_1_233' title='bbox 1308 2312 1531 2381; x_wconf 86' lang='lat' dir='ltr'><strong>gloriosa</strong></span> <span class='ocrx_word' id='word_1_234' title='bbox 1567 2314 1945 2380; x_wconf 89' lang='lat' dir='ltr'><strong>praedicatione</strong></span> <span class='ocrx_word' id='word_1_235' title='bbox 1983 2314 2208 2368; x_wconf 88' lang='lat' dir='ltr'><strong>confessa</strong></span> 
     </span>
     <span class='ocr_line' id='line_1_27' title="bbox 327 2398 2208 2468; baseline 0.002 -16"><span class='ocrx_word' id='word_1_236' title='bbox 327 2400 405 2452; x_wconf 89' lang='lat' dir='ltr'><strong>est</strong></span> <span class='ocrx_word' id='word_1_237' title='bbox 443 2415 597 2466; x_wconf 92' lang='lat' dir='ltr'><strong>quam</strong></span> <span class='ocrx_word' id='word_1_238' title='bbox 636 2398 955 2452; x_wconf 86' lang='lat' dir='ltr'><strong>celebrandis</strong></span> <span class='ocrx_word' id='word_1_239' title='bbox 993 2398 1183 2451; x_wconf 91' lang='lat' dir='ltr'><strong>diuinis</strong></span> <span class='ocrx_word' id='word_1_240' title='bbox 1221 2398 1529 2451; x_wconf 86' lang='lat' dir='ltr'><strong>lectionibus</strong></span> <span class='ocrx_word' id='word_1_241' title='bbox 1566 2414 1849 2466; x_wconf 88' lang='lat' dir='ltr'><strong>personare,</strong></span> <span class='ocrx_word' id='word_1_242' title='bbox 1895 2402 2011 2468; x_wconf 91' lang='lat' dir='ltr'><strong>post</strong></span> <span class='ocrx_word' id='word_1_243' title='bbox 2049 2402 2208 2455; x_wconf 92' lang='lat' dir='ltr'><strong>uerba</strong></span> 
     </span>
     <span class='ocr_line' id='line_1_28' title="bbox 327 2485 2266 2556; baseline -0.001 -16"><span class='ocrx_word' id='word_1_244' title='bbox 327 2487 572 2541; x_wconf 88' lang='lat' dir='ltr'><strong>sublimia</strong></span> <span class='ocrx_word' id='word_1_245' title='bbox 622 2502 750 2554; x_wconf 89' lang='lat' dir='ltr'><strong>quae</strong></span> <span class='ocrx_word' id='word_1_246' title='bbox 796 2485 988 2539; x_wconf 86' lang='lat' dir='ltr'><strong>Christi</strong></span> <span class='ocrx_word' id='word_1_247' title='bbox 1038 2485 1346 2554; x_wconf 82' lang='lat' dir='ltr'><strong>martyrium</strong></span> <span class='ocrx_word' id='word_1_248' title='bbox 1395 2485 1659 2553; x_wconf 91' lang='lat' dir='ltr'><strong>prolocuta</strong></span> <span class='ocrx_word' id='word_1_249' title='bbox 1709 2487 1830 2539; x_wconf 90' lang='lat' dir='ltr'><strong>sunt</strong></span> <span class='ocrx_word' id='word_1_250' title='bbox 1880 2487 2205 2556; x_wconf 90' lang='lat' dir='ltr'><strong>euangelium</strong></span> <span class='ocrx_word' id='word_1_251' title='bbox 2222 2505 2266 2539; x_wconf 73' lang='lat'><strong>25</strong></span> 
     </span>
    </p>
   </div>
   <div class='ocr_carea' id='block_1_4' title="bbox 322 2685 2207 3605">
    <p class='ocr_par' dir='ltr' id='par_1_5' title="bbox 324 2685 2205 2957">
     <span class='ocr_line' id='line_1_29' title="bbox 412 2685 2093 2744; baseline -0.001 -13"><span class='ocrx_word' id='word_1_252' title='bbox 412 2689 437 2731; x_wconf 91' lang='lat'>1</span> <span class='ocrx_word' id='word_1_253' title='bbox 458 2687 616 2744; x_wconf 85' lang='lat' dir='ltr'><strong>frater]</strong></span> <span class='ocrx_word' id='word_1_254' title='bbox 639 2688 767 2743; x_wconf 90' lang='lat' dir='ltr'><strong>pater</strong></span> <span class='ocrx_word' id='word_1_255' title='bbox 788 2686 832 2730; x_wconf 90' lang='lat' dir='ltr'><strong><em>L</em></strong></span> <span class='ocrx_word' id='word_1_256' title='bbox 975 2686 1124 2729; x_wconf 90' lang='lat' dir='ltr'><strong>noster</strong></span> <span class='ocrx_word' id='word_1_257' title='bbox 1146 2698 1226 2729; x_wconf 85' lang='lat' dir='ltr'><strong>om.</strong></span> <span class='ocrx_word' id='word_1_258' title='bbox 1251 2685 1296 2730; x_wconf 88' lang='lat' dir='ltr'><em>R</em></span> <span class='ocrx_word' id='word_1_259' title='bbox 1440 2685 1468 2728; x_wconf 83' lang='lat'><strong>2</strong></span> <span class='ocrx_word' id='word_1_260' title='bbox 1489 2686 1534 2728; x_wconf 88' lang='grc'><strong>61</strong></span> <span class='ocrx_word' id='word_1_261' title='bbox 1555 2697 1635 2729; x_wconf 85' lang='lat' dir='ltr'><strong>om.</strong></span> <span class='ocrx_word' id='word_1_262' title='bbox 1659 2685 1703 2728; x_wconf 88' lang='lat' dir='ltr'><strong><em>L</em></strong></span> <span class='ocrx_word' id='word_1_263' title='bbox 1848 2685 1926 2729; x_wconf 91' lang='lat' dir='ltr'><strong>deo</strong></span> <span class='ocrx_word' id='word_1_264' title='bbox 1949 2698 2025 2729; x_wconf 91' lang='lat' dir='ltr'><strong>suo</strong></span> <span class='ocrx_word' id='word_1_265' title='bbox 2047 2686 2093 2731; x_wconf 83' lang='lat' dir='ltr'><em>R</em></span> 
     </span>
     <span class='ocr_line' id='line_1_30' title="bbox 325 2756 2107 2816; baseline -0.002 -11"><span class='ocrx_word' id='word_1_266' title='bbox 325 2774 450 2805; x_wconf 88' lang='lat' dir='ltr'><strong>carus</strong></span> <span class='ocrx_word' id='word_1_267' title='bbox 471 2760 555 2816; x_wconf 89' lang='lat' dir='ltr'><strong>est]</strong></span> <span class='ocrx_word' id='word_1_268' title='bbox 579 2773 703 2804; x_wconf 90' lang='lat' dir='ltr'><strong>carus</strong></span> <span class='ocrx_word' id='word_1_269' title='bbox 731 2759 779 2811; x_wconf 89' lang='lat' dir='ltr'><strong>T,</strong></span> <span class='ocrx_word' id='word_1_270' title='bbox 802 2759 986 2802; x_wconf 88' lang='lat' dir='ltr'><strong>uocatus</strong></span> <span class='ocrx_word' id='word_1_271' title='bbox 1008 2759 1076 2801; x_wconf 90' lang='lat' dir='ltr'><strong>est</strong></span> <span class='ocrx_word' id='word_1_272' title='bbox 1103 2758 1141 2803; x_wconf 80' lang='grc' dir='ltr'><em>Ο</em></span> <span class='ocrx_word' id='word_1_273' title='bbox 1300 2757 1328 2801; x_wconf 88' lang='lat'><strong>3</strong></span> <span class='ocrx_word' id='word_1_274' title='bbox 1349 2757 1425 2801; x_wconf 89' lang='lat' dir='ltr'><strong>sed</strong></span> <span class='ocrx_word' id='word_1_275' title='bbox 1445 2757 1508 2814; x_wconf 93' lang='lat' dir='ltr'><strong>in]</strong></span> <span class='ocrx_word' id='word_1_276' title='bbox 1532 2756 1608 2800; x_wconf 89' lang='lat' dir='ltr'><strong>sed</strong></span> <span class='ocrx_word' id='word_1_277' title='bbox 1629 2758 1676 2800; x_wconf 90' lang='lat' dir='ltr'><strong>et</strong></span> <span class='ocrx_word' id='word_1_278' title='bbox 1703 2756 1743 2802; x_wconf 80' lang='lat'><em>0</em></span> <span class='ocrx_word' id='word_1_279' title='bbox 1903 2758 1970 2815; x_wconf 89' lang='lat' dir='ltr'><strong>ac]</strong></span> <span class='ocrx_word' id='word_1_280' title='bbox 1994 2759 2039 2801; x_wconf 91' lang='lat' dir='ltr'><strong>et</strong></span> <span class='ocrx_word' id='word_1_281' title='bbox 2061 2757 2107 2802; x_wconf 81' lang='lat' dir='ltr'><em>R</em></span> 
     </span>
     <span class='ocr_line' id='line_1_31' title="bbox 324 2827 2205 2886; baseline -0.002 -11"><span class='ocrx_word' id='word_1_282' title='bbox 324 2832 485 2876; x_wconf 86' lang='lat' dir='ltr'><strong>minori</strong></span> <span class='ocrx_word' id='word_1_283' title='bbox 508 2832 553 2875; x_wconf 91' lang='lat' dir='ltr'><em>P</em></span> <span class='ocrx_word' id='word_1_284' title='bbox 693 2832 722 2875; x_wconf 84' lang='lat'>4</span> <span class='ocrx_word' id='word_1_285' title='bbox 742 2830 943 2874; x_wconf 84' lang='lat' dir='ltr'><strong>indolens</strong></span> <span class='ocrx_word' id='word_1_286' title='bbox 965 2831 1031 2874; x_wconf 84' lang='lat' dir='ltr'><strong>P¹</strong></span> <span class='ocrx_word' id='word_1_287' title='bbox 1174 2830 1201 2874; x_wconf 90' lang='lat'>5</span> <span class='ocrx_word' id='word_1_288' title='bbox 1222 2828 1437 2873; x_wconf 88' lang='lat' dir='ltr'><strong>uictoriae</strong></span> <span class='ocrx_word' id='word_1_289' title='bbox 1465 2828 1504 2873; x_wconf 81' lang='grc' dir='ltr'><em>Ο</em></span> <span class='ocrx_word' id='word_1_290' title='bbox 1645 2829 1671 2872; x_wconf 89' lang='lat'>6</span> <span class='ocrx_word' id='word_1_291' title='bbox 1692 2829 1739 2872; x_wconf 92' lang='lat' dir='ltr'><strong>in</strong></span> <span class='ocrx_word' id='word_1_292' title='bbox 1770 2829 1918 2886; x_wconf 87' lang='lat' dir='ltr'><strong>cursu]</strong></span> <span class='ocrx_word' id='word_1_293' title='bbox 1947 2830 2126 2873; x_wconf 86' lang='lat' dir='ltr'><strong>incursu</strong></span> <span class='ocrx_word' id='word_1_294' title='bbox 2153 2827 2205 2885; x_wconf 76' lang='lat' dir='ltr'><strong>Q,</strong></span> 
     </span>
     <span class='ocr_line' id='line_1_32' title="bbox 324 2900 2141 2957; baseline -0.002 -10"><span class='ocrx_word' id='word_1_295' title='bbox 324 2917 507 2948; x_wconf 84' lang='lat' dir='ltr'><strong>excursu</strong></span> <span class='ocrx_word' id='word_1_296' title='bbox 531 2903 568 2947; x_wconf 82' lang='grc' dir='ltr'><em>Ο</em></span> <span class='ocrx_word' id='word_1_297' title='bbox 681 2904 905 2946; x_wconf 84' lang='lat' dir='ltr'><strong>extorrens</strong></span> <span class='ocrx_word' id='word_1_298' title='bbox 928 2902 990 2946; x_wconf 87' lang='lat' dir='ltr'><strong>P¹</strong></span> <span class='ocrx_word' id='word_1_299' title='bbox 1107 2902 1132 2945; x_wconf 85' lang='lat'>7</span> <span class='ocrx_word' id='word_1_300' title='bbox 1155 2901 1406 2957; x_wconf 86' lang='lat' dir='ltr'><strong>passionem</strong></span> <span class='ocrx_word' id='word_1_301' title='bbox 1435 2901 1492 2946; x_wconf 76' lang='grc' dir='ltr'><strong>Ο2</strong></span> <span class='ocrx_word' id='word_1_302' title='bbox 1514 2900 1754 2956; x_wconf 88' lang='lat' dir='ltr'><strong>(passionis</strong></span> <span class='ocrx_word' id='word_1_303' title='bbox 1783 2901 1838 2946; x_wconf 80' lang='grc' dir='ltr'><strong>Ο1</strong></span> <span class='ocrx_word' id='word_1_304' title='bbox 1859 2901 2010 2946; x_wconf 75' lang='lat' dir='ltr'><strong>sedin</strong></span> <span class='ocrx_word' id='word_1_305' title='bbox 2030 2902 2141 2955; x_wconf 79' lang='lat' dir='ltr'><strong>ras.)</strong></span> 
     </span>
    </p>

    <p class='ocr_par' dir='ltr' id='par_1_6' title="bbox 323 2971 2207 3247">
     <span class='ocr_line' id='line_1_33' title="bbox 323 2971 2207 3031; baseline -0.002 -11"><span class='ocrx_word' id='word_1_306' title='bbox 323 2977 351 3021; x_wconf 88' lang='grc'>8</span> <span class='ocrx_word' id='word_1_307' title='bbox 370 2976 555 3031; x_wconf 89' lang='lat' dir='ltr'><strong>totiens]</strong></span> <span class='ocrx_word' id='word_1_308' title='bbox 588 2975 793 3031; x_wconf 86' lang='lat' dir='ltr'><strong>quotiens</strong></span> <span class='ocrx_word' id='word_1_309' title='bbox 814 2976 867 3018; x_wconf 94' lang='lat' dir='ltr'><em>N</em></span> <span class='ocrx_word' id='word_1_310' title='bbox 1022 2973 1294 3017; x_wconf 88' lang='lat' dir='ltr'><strong>fortissimus</strong></span> <span class='ocrx_word' id='word_1_311' title='bbox 1325 2986 1376 3016; x_wconf 90' lang='lat' dir='ltr'><strong>ac</strong></span> <span class='ocrx_word' id='word_1_312' title='bbox 1404 2971 1734 3029; x_wconf 87' lang='lat' dir='ltr'><strong>promtissimus</strong></span> <span class='ocrx_word' id='word_1_313' title='bbox 1756 2973 1802 3016; x_wconf 92' lang='lat' dir='ltr'><em>P</em></span> <span class='ocrx_word' id='word_1_314' title='bbox 1953 2974 1980 3017; x_wconf 89' lang='grc'>9</span> <span class='ocrx_word' id='word_1_315' title='bbox 2004 2973 2139 3029; x_wconf 75' lang='lat' dir='ltr'><strong>prius</strong></span> <span class='ocrx_word' id='word_1_316' title='bbox 2159 2973 2207 3016; x_wconf 78' lang='lat' dir='ltr'><strong>et</strong></span> 
     </span>
     <span class='ocr_line' id='line_1_34' title="bbox 323 3044 2204 3102; baseline -0.002 -11"><span class='ocrx_word' id='word_1_317' title='bbox 323 3060 405 3091; x_wconf 87' lang='lat' dir='ltr'><strong>om.</strong></span> <span class='ocrx_word' id='word_1_318' title='bbox 430 3048 468 3093; x_wconf 81' lang='grc' dir='ltr'><em>Ο</em></span> <span class='ocrx_word' id='word_1_319' title='bbox 581 3046 721 3090; x_wconf 87' lang='lat' dir='ltr'><strong>fuerit</strong></span> <span class='ocrx_word' id='word_1_320' title='bbox 741 3047 782 3091; x_wconf 87' lang='grc' dir='ltr'><em>Τ</em></span> <span class='ocrx_word' id='word_1_321' title='bbox 894 3046 1009 3102; x_wconf 89' lang='lat' dir='ltr'><strong>quod</strong></span> <span class='ocrx_word' id='word_1_322' title='bbox 1030 3046 1111 3089; x_wconf 83' lang='lat' dir='ltr'><strong>sub</strong></span> <span class='ocrx_word' id='word_1_323' title='bbox 1134 3046 1179 3089; x_wconf 92' lang='lat' dir='ltr'><em>P</em></span> <span class='ocrx_word' id='word_1_324' title='bbox 1197 3046 1276 3089; x_wconf 81' lang='lat' dir='ltr'><strong>sed</strong></span> <span class='ocrx_word' id='word_1_325' title='bbox 1298 3044 1413 3101; x_wconf 90' lang='lat' dir='ltr'><strong>quod</strong></span> <span class='ocrx_word' id='word_1_326' title='bbox 1435 3057 1534 3101; x_wconf 74' lang='lat' dir='ltr'><strong>emp.</strong></span> <span class='ocrx_word' id='word_1_327' title='bbox 1656 3044 1716 3089; x_wconf 90' lang='grc'><strong>10</strong></span> <span class='ocrx_word' id='word_1_328' title='bbox 1736 3044 1924 3088; x_wconf 86' lang='lat' dir='ltr'><strong>extorsis</strong></span> <span class='ocrx_word' id='word_1_329' title='bbox 1953 3044 1991 3090; x_wconf 84' lang='grc' dir='ltr'><em>Ο</em></span> <span class='ocrx_word' id='word_1_330' title='bbox 2103 3056 2204 3087; x_wconf 86' lang='lat' dir='ltr'><strong>eon-</strong></span> 
     </span>
     <span class='ocr_line' id='line_1_35' title="bbox 324 3115 2203 3176; baseline -0.003 -13"><span class='ocrx_word' id='word_1_331' title='bbox 324 3133 500 3176; x_wconf 89' lang='lat' dir='ltr'><strong>gressus</strong></span> <span class='ocrx_word' id='word_1_332' title='bbox 522 3119 578 3172; x_wconf 88' lang='lat' dir='ltr'><strong>L,</strong></span> <span class='ocrx_word' id='word_1_333' title='bbox 617 3131 851 3175; x_wconf 89' lang='lat' dir='ltr'><strong>congressu</strong></span> <span class='ocrx_word' id='word_1_334' title='bbox 879 3119 922 3162; x_wconf 83' lang='lat' dir='ltr'><em>T</em></span> <span class='ocrx_word' id='word_1_335' title='bbox 1061 3118 1115 3160; x_wconf 91' lang='lat'><strong>11</strong></span> <span class='ocrx_word' id='word_1_336' title='bbox 1138 3118 1198 3174; x_wconf 88' lang='lat' dir='ltr'><strong>et]</strong></span> <span class='ocrx_word' id='word_1_337' title='bbox 1223 3117 1363 3161; x_wconf 88' lang='lat' dir='ltr'><strong>etiam</strong></span> <span class='ocrx_word' id='word_1_338' title='bbox 1391 3116 1453 3162; x_wconf 78' lang='lat' dir='ltr'><strong>Cv</strong></span> <span class='ocrx_word' id='word_1_339' title='bbox 1598 3116 1855 3172; x_wconf 88' lang='lat' dir='ltr'><strong>proconsule</strong></span> <span class='ocrx_word' id='word_1_340' title='bbox 1884 3115 1983 3173; x_wconf 74' lang='lat' dir='ltr'><strong>0¹Q</strong></span> <span class='ocrx_word' id='word_1_341' title='bbox 2003 3116 2203 3172; x_wconf 89' lang='lat' dir='ltr'><strong>(procon-</strong></span> 
     </span>
     <span class='ocr_line' id='line_1_36' title="bbox 324 3186 2148 3247; baseline -0.002 -13"><span class='ocrx_word' id='word_1_342' title='bbox 324 3191 442 3235; x_wconf 91' lang='lat' dir='ltr'><strong>sules</strong></span> <span class='ocrx_word' id='word_1_343' title='bbox 462 3191 539 3247; x_wconf 89' lang='lat' dir='ltr'><strong>M)</strong></span> <span class='ocrx_word' id='word_1_344' title='bbox 675 3190 730 3234; x_wconf 82' lang='grc'><strong>12</strong></span> <span class='ocrx_word' id='word_1_345' title='bbox 750 3190 952 3233; x_wconf 83' lang='grc'>1111106161</span> <span class='ocrx_word' id='word_1_346' title='bbox 973 3191 1022 3232; x_wconf 85' lang='lat' dir='ltr'><strong>et</strong></span> <span class='ocrx_word' id='word_1_347' title='bbox 1047 3189 1155 3234; x_wconf 84' lang='lat' dir='ltr'><strong>CRv</strong></span> <span class='ocrx_word' id='word_1_348' title='bbox 1291 3189 1346 3232; x_wconf 87' lang='lat'><strong>13</strong></span> <span class='ocrx_word' id='word_1_349' title='bbox 1365 3188 1467 3245; x_wconf 86' lang='lat' dir='ltr'><strong>plus</strong></span> <span class='ocrx_word' id='word_1_350' title='bbox 1490 3201 1572 3232; x_wconf 87' lang='lat' dir='ltr'><strong>om.</strong></span> <span class='ocrx_word' id='word_1_351' title='bbox 1596 3188 1641 3231; x_wconf 91' lang='lat' dir='ltr'><em>P</em></span> <span class='ocrx_word' id='word_1_352' title='bbox 1779 3186 2082 3232; x_wconf 88' lang='lat' dir='ltr'><strong>uericundiam</strong></span> <span class='ocrx_word' id='word_1_353' title='bbox 2109 3186 2148 3244; x_wconf 73' lang='lat' dir='ltr'><strong><em>Q</em></strong></span> 
     </span>
    </p>

    <p class='ocr_par' dir='ltr' id='par_1_7' title="bbox 322 3257 2206 3605">
     <span class='ocr_line' id='line_1_37' title="bbox 323 3257 2206 3320; baseline -0.003 -14"><span class='ocrx_word' id='word_1_354' title='bbox 323 3264 379 3306; x_wconf 84' lang='lat'><strong>14</strong></span> <span class='ocrx_word' id='word_1_355' title='bbox 401 3263 473 3320; x_wconf 88' lang='lat' dir='ltr'><strong>an]</strong></span> <span class='ocrx_word' id='word_1_356' title='bbox 498 3263 578 3306; x_wconf 89' lang='lat' dir='ltr'><strong>aut</strong></span> <span class='ocrx_word' id='word_1_357' title='bbox 600 3263 642 3306; x_wconf 93' lang='lat' dir='ltr'><em>P</em></span> <span class='ocrx_word' id='word_1_358' title='bbox 759 3263 814 3306; x_wconf 90' lang='lat'><strong>15</strong></span> <span class='ocrx_word' id='word_1_359' title='bbox 836 3261 1048 3318; x_wconf 84' lang='lat' dir='ltr'><strong>excelsus]</strong></span> <span class='ocrx_word' id='word_1_360' title='bbox 1072 3261 1275 3305; x_wconf 86' lang='lat' dir='ltr'><strong>exclusus</strong></span> <span class='ocrx_word' id='word_1_361' title='bbox 1298 3260 1342 3304; x_wconf 89' lang='lat' dir='ltr'><strong><em>L</em></strong></span> <span class='ocrx_word' id='word_1_362' title='bbox 1468 3260 1522 3304; x_wconf 90' lang='grc'><strong>16</strong></span> <span class='ocrx_word' id='word_1_363' title='bbox 1545 3272 1590 3303; x_wconf 89' lang='lat' dir='ltr'><strong>se</strong></span> <span class='ocrx_word' id='word_1_364' title='bbox 1611 3261 1838 3304; x_wconf 86' lang='lat' dir='ltr'><strong>seruatum</strong></span> <span class='ocrx_word' id='word_1_365' title='bbox 1860 3259 1906 3305; x_wconf 86' lang='lat' dir='ltr'><strong><em>R</em></strong></span> <span class='ocrx_word' id='word_1_366' title='bbox 2021 3259 2074 3302; x_wconf 83' lang='lat'><strong>17</strong></span> <span class='ocrx_word' id='word_1_367' title='bbox 2097 3257 2206 3314; x_wconf 85' lang='lat' dir='ltr'><strong>quia</strong></span> 
     </span>
     <span class='ocr_line' id='line_1_38' title="bbox 323 3329 2203 3391; baseline -0.003 -13"><span class='ocrx_word' id='word_1_368' title='bbox 323 3334 379 3378; x_wconf 89' lang='lat' dir='ltr'><strong>ad</strong></span> <span class='ocrx_word' id='word_1_369' title='bbox 402 3335 457 3379; x_wconf 77' lang='grc' dir='ltr'><strong>Οι</strong></span> <span class='ocrx_word' id='word_1_370' title='bbox 572 3333 819 3391; x_wconf 87' lang='lat' dir='ltr'><strong>exemplum</strong></span> <span class='ocrx_word' id='word_1_371' title='bbox 834 3334 889 3379; x_wconf 95' lang='lat' dir='ltr'><strong><em>N</em></strong></span> <span class='ocrx_word' id='word_1_372' title='bbox 890 3335 905 3357; x_wconf 85' lang='lat'>¹</span> <span class='ocrx_word' id='word_1_373' title='bbox 1020 3333 1076 3377; x_wconf 89' lang='lat'><strong>18</strong></span> <span class='ocrx_word' id='word_1_374' title='bbox 1098 3333 1216 3376; x_wconf 90' lang='lat' dir='ltr'><strong>serui</strong></span> <span class='ocrx_word' id='word_1_375' title='bbox 1236 3331 1309 3377; x_wconf 88' lang='lat' dir='ltr'><strong>dei</strong></span> <span class='ocrx_word' id='word_1_376' title='bbox 1329 3345 1413 3376; x_wconf 86' lang='lat' dir='ltr'><strong>om.</strong></span> <span class='ocrx_word' id='word_1_377' title='bbox 1439 3332 1476 3377; x_wconf 85' lang='grc' dir='ltr'><em>Ο</em></span> <span class='ocrx_word' id='word_1_378' title='bbox 1589 3333 1788 3376; x_wconf 85' lang='lat' dir='ltr'><strong>uinceret</strong></span> <span class='ocrx_word' id='word_1_379' title='bbox 1810 3331 1849 3377; x_wconf 82' lang='lat' dir='ltr'><strong><em>G</em></strong></span> <span class='ocrx_word' id='word_1_380' title='bbox 1962 3331 2017 3374; x_wconf 90' lang='grc'><strong>19</strong></span> <span class='ocrx_word' id='word_1_381' title='bbox 2037 3329 2203 3374; x_wconf 89' lang='lat' dir='ltr'><strong>emine-</strong></span> 
     </span>
     <span class='ocr_line' id='line_1_39' title="bbox 322 3401 2202 3460; baseline -0.002 -12"><span class='ocrx_word' id='word_1_382' title='bbox 322 3407 392 3448; x_wconf 88' lang='lat' dir='ltr'><strong>ret</strong></span> <span class='ocrx_word' id='word_1_383' title='bbox 420 3405 458 3450; x_wconf 81' lang='lat' dir='ltr'><em>O</em></span> <span class='ocrx_word' id='word_1_384' title='bbox 569 3405 627 3449; x_wconf 80' lang='lat'><strong>20</strong></span> <span class='ocrx_word' id='word_1_385' title='bbox 646 3405 842 3450; x_wconf 86' lang='lat' dir='ltr'><strong>caericae</strong></span> <span class='ocrx_word' id='word_1_386' title='bbox 858 3404 905 3451; x_wconf 80' lang='lat' dir='ltr'><strong><em>R</em></strong></span> <span class='ocrx_word' id='word_1_387' title='bbox 1019 3403 1250 3448; x_wconf 88' lang='lat' dir='ltr'><strong>ulterioris</strong></span> <span class='ocrx_word' id='word_1_388' title='bbox 1272 3404 1328 3457; x_wconf 93' lang='lat' dir='ltr'><strong>P,</strong></span> <span class='ocrx_word' id='word_1_389' title='bbox 1352 3403 1535 3448; x_wconf 87' lang='lat' dir='ltr'><strong>altiores</strong></span> <span class='ocrx_word' id='word_1_390' title='bbox 1557 3403 1653 3448; x_wconf 80' lang='lat' dir='ltr'><strong>cod.</strong></span> <span class='ocrx_word' id='word_1_391' title='bbox 1677 3403 1870 3460; x_wconf 80' lang='lat' dir='ltr'><strong>Neapol.</strong></span> <span class='ocrx_word' id='word_1_392' title='bbox 1988 3402 2043 3446; x_wconf 84' lang='lat'><strong>21</strong></span> <span class='ocrx_word' id='word_1_393' title='bbox 2067 3401 2202 3445; x_wconf 88' lang='lat' dir='ltr'><strong>aesti-</strong></span> 
     </span>
     <span class='ocr_line' id='line_1_40' title="bbox 323 3461 2202 3534; baseline -0.003 -14"><span class='ocrx_word' id='word_1_394' title='bbox 323 3476 534 3521; x_wconf 79' lang='lat' dir='ltr'><strong>mandum</strong></span> <span class='ocrx_word' id='word_1_395' title='bbox 562 3477 600 3522; x_wconf 83' lang='grc'>6</span> <span class='ocrx_word' id='word_1_396' title='bbox 730 3477 787 3521; x_wconf 83' lang='lat'><strong>22</strong></span> <span class='ocrx_word' id='word_1_397' title='bbox 806 3476 969 3534; x_wconf 75' lang='lat' dir='ltr'><strong>plicuit</strong></span> <span class='ocrx_word' id='word_1_398' title='bbox 991 3476 1056 3520; x_wconf 86' lang='lat' dir='ltr'><strong>L²</strong></span> <span class='ocrx_word' id='word_1_399' title='bbox 1185 3475 1242 3520; x_wconf 80' lang='lat'><strong>23</strong></span> <span class='ocrx_word' id='word_1_400' title='bbox 1263 3461 1368 3519; x_wconf 66' lang='lat' dir='ltr'><strong>ciffi</strong></span> <span class='ocrx_word' id='word_1_401' title='bbox 1388 3475 1447 3530; x_wconf 90' lang='lat' dir='ltr'><strong>P,</strong></span> <span class='ocrx_word' id='word_1_402' title='bbox 1470 3461 1669 3531; x_wconf 67' lang='lat' dir='ltr'><strong>an‘B‘QT</strong></span> <span class='ocrx_word' id='word_1_403' title='bbox 1791 3471 2202 3531; x_wconf 76' lang='lat' dir='ltr'><strong>praedicationibus</strong></span> 
     </span>
     <span class='ocr_line' id='line_1_41' title="bbox 324 3544 2143 3605; baseline -0.002 -13"><span class='ocrx_word' id='word_1_404' title='bbox 324 3550 540 3603; x_wconf 83' lang='lat' dir='ltr'><strong>(confessa</strong></span> <span class='ocrx_word' id='word_1_405' title='bbox 564 3582 572 3593; x_wconf 91' lang='lat'><strong><em>.</em></strong></span> <span class='ocrx_word' id='word_1_406' title='bbox 592 3581 601 3592; x_wconf 92' lang='lat'>.</span> <span class='ocrx_word' id='word_1_407' title='bbox 621 3582 631 3592; x_wconf 91' lang='lat'><strong>.</strong></span> <span class='ocrx_word' id='word_1_408' title='bbox 655 3548 923 3594; x_wconf 88' lang='lat' dir='ltr'><strong>lectionibus</strong></span> <span class='ocrx_word' id='word_1_409' title='bbox 945 3548 1051 3605; x_wconf 86' lang='lat' dir='ltr'><strong>om.)</strong></span> <span class='ocrx_word' id='word_1_410' title='bbox 1067 3547 1113 3594; x_wconf 88' lang='lat' dir='ltr'><strong><em>L</em></strong></span> <span class='ocrx_word' id='word_1_411' title='bbox 1199 3547 1257 3592; x_wconf 83' lang='lat'><strong>24</strong></span> <span class='ocrx_word' id='word_1_412' title='bbox 1272 3546 1603 3592; x_wconf 57' lang='lat' dir='ltr'><strong>celebrantibus</strong></span> <span class='ocrx_word' id='word_1_413' title='bbox 1618 3547 1716 3592; x_wconf 84' lang='lat' dir='ltr'><strong>NT</strong></span> <span class='ocrx_word' id='word_1_414' title='bbox 1797 3546 2062 3603; x_wconf 86' lang='lat' dir='ltr'><strong>personante</strong></span> <span class='ocrx_word' id='word_1_415' title='bbox 2079 3544 2143 3589; x_wconf 89' lang='lat' dir='ltr'><strong>L¹</strong></span> 
     </span>
    </p>
   </div>
   <div class='ocr_carea' id='block_1_5' title="bbox 2312 1674 2324 1688">
    <p class='ocr_par' dir='ltr' id='par_1_8' title="bbox 2312 1674 2324 1688">
     <span class='ocr_line' id='line_1_42' title="bbox 2312 1674 2324 1688; baseline 0 2290"><span class='ocrx_word' id='word_1_416' title='bbox 2312 1674 2324 1688; x_wconf 95' lang='lat' dir='ltr'><strong> </strong></span> 
     </span>
    </p>
   </div>
  </div>
 </body>
</html>
