2332 3978
230 243 241 253 '
284 227 392 282 680
568 243 571 246 ·
739 248 743 252 ¹
951 226 1198 291 Caecilii
1237 226 1508 286 Cypriani
1567 256 1569 262 -

282 357 612 412 destiterunt.
665 356 859 411 clamat
894 355 1061 411 Deus:
1109 357 1501 413 sacrificans
1549 358 1698 416 diis,
1727 359 2257 430 eradicabitur-‘²2

283 442 414 498 nisi
452 443 721 497 Domino
759 442 900 496 soli.
949 444 1001 497 et
1038 443 1293 498 Dominus
1330 444 1386 498 in
1423 445 1692 515 euangelio
1733 445 1887 501 dicit:
1927 446 2036 515 qui
2073 431 2173 513 11164

283 531 628 601 negauerit
683 531 932 601 negabo
987 531 1196 585 illum.
1253 532 1306 584 et
1354 531 1456 586 alio
1508 531 1621 587 loco
1670 531 1959 603 indignatio
2009 534 2062 587 et
2102 534 2181 596 ira
2252 530 2266 602 ᾗ

287 617 468 671 diuina
505 633 606 670 non
643 618 785 671 iacet
825 617 1025 672 dicens:
1076 617 1224 671 illis
1262 617 1541 673 fudistis
1577 618 1894 673 libamina
1931 621 1994 674 et
2029 619 2177 678 iuis
2265 609 2269 667 ἰ

284 703 685 781 inposuistis
732 704 1087 758 sacrificia.
1140 719 1329 771 super
1377 703 1531 758 haec
1581 719 1700 759 non
1749 705 2217 776 indignabor&
2267 703 2278 727 ³

286 789 458 842 dicit
495 790 822 843 Dominus
863 790 915 843 et
940 788 1268 843 intercedunt
1291 805 1355 843 ne
1379 792 1592 860 rogetur
1617 792 1758 845 Deus
1794 792 1884 860 qui
1916 792 2180 862 indignari
2275 795 2277 817 ³
2331 847 2332 857 ,

287 892 342 930 se
367 877 478 945 ipse
504 877 746 930 testatur.
775 876 1104 930 intercedunt
1122 891 1184 929 ne
1203 878 1440 930 exoretur
1463 877 1701 946 precibus
1723 879 1775 932 et
1795 877 2170 932 satisfactioni-

289 962 386 1016 bus
413 960 648 1016 Christus
676 963 766 1031 qui
792 963 1079 1033 negantem,
1094 978 1147 1016 se
1172 978 1360 1033 negare
1386 963 1678 1031 profitetur.
1712 1002 1717 1010 ,
1762 1014 1764 1017 ,

206 1061 269 1113 13
358 1048 466 1103 Nos
492 1049 549 1103 in
574 1049 685 1118 ipso
711 1049 1083 1116 persecutionis
1109 1051 1343 1118 tempore
1363 1050 1424 1103 de
1444 1049 1540 1103 hoc
1567 1050 1678 1117 ipso
1703 1050 1907 1104 litteras
1934 1050 2178 1104 misimus
2299 1103 2301 1106 .

288 1151 382 1189 nec
417 1135 587 1189 auditi
620 1151 818 1189 sumus.
857 1135 1074 1188 concilio
1110 1134 1405 1203 frequenter
1436 1138 1550 1189 acto
1576 1150 1677 1189 non
1703 1137 2028 1190 consensione
2055 1138 2174 1191 tan·
2190 1157 2253 1206 xo,
2275 1167 2280 1172 ·

288 1224 406 1276 tum
449 1223 622 1275 nostra
668 1220 757 1274 sed
795 1222 848 1275 et
885 1221 1282 1275 comminatione
1333 1210 1658 1276 decreuimus
1701 1224 1762 1276 ut
1804 1223 2184 1290 paenitentiam
2310 1208 2326 1223 ”

287 1308 475 1363 fratres
526 1309 757 1377 agerent,
808 1309 869 1361 ut
912 1308 1283 1375 paenitentiam
1329 1324 1432 1362 non
1475 1309 1750 1378 agentibus
1793 1324 1942 1362 nemo
1986 1310 2180 1363 temere

286 1411 468 1463 pacem
494 1395 655 1448 daret.
682 1395 734 1448 et
759 1394 841 1447 1111
868 1396 1044 1448 contra
1069 1394 1239 1447 Deum
1265 1395 1521 1464 sacrilegi,
1560 1397 1736 1449 contra
1761 1396 2049 1450 sacerdotes
2076 1395 2180 1449 Dei

288 1482 451 1551 impio
478 1481 648 1535 furore
673 1481 956 1546 temerarii,
984 1482 1047 1534 de
1073 1481 1285 1534 ecclesia
1310 1482 1602 1535 recedentes
1628 1484 1679 1535 et
1706 1482 1884 1536 contra
1910 1482 2179 1536 ecclesiam
2315 1535 2322 1562 z

286 1568 617 1637 parricidalia
636 1584 781 1621 arma
800 1567 1043 1621 tollentes
1065 1567 1345 1630 elaborant,
1367 1568 1427 1620 ut
1445 1582 1571 1635 opus
1591 1555 1748 1621 suum
1764 1568 1958 1621 diaboli
1978 1568 2184 1620 malitia
2201 1588 2242 1621 ιε
2322 1574 2332 1615 ’1

289 1656 630 1718 consummet,
664 1670 727 1707 ne
754 1655 1051 1707 uulneratos
1078 1653 1257 1707 diuina
1283 1654 1559 1707 clementia
1584 1655 1639 1707 in
1665 1655 1878 1708 ecclesia
1903 1670 1995 1707 sua
2022 1655 2182 1707 curet.
2227 1719 2230 1724 Ι

289 1741 595 1795 miserorum
610 1740 983 1808 paenitentiam
999 1740 1385 1794 mendaciorum
1401 1755 1610 1794 suorum
1629 1741 1808 1794 fraude
1829 1742 2181 1808 corrumpunt,

288 1844 351 1881 ne
389 1828 496 1880 Deo
541 1827 835 1897 indignanti
880 1827 1118 1893 satisfiat,
1164 1843 1226 1880 ne
1263 1825 1529 1880 Christum
1565 1827 1848 1880 Dominum
1894 1844 2047 1880 suum
2092 1826 2181 1896 qui

292 1915 607 1969 christianus
643 1930 752 1967 esse
779 1914 864 1966 uel
890 1913 1097 1966 erubuit
1123 1915 1243 1966 ante
1270 1914 1356 1966 uel
1380 1913 1563 1966 timuit
1588 1913 1920 1981 postmodum
1946 1914 2178 1981 quaerat,

291 2018 355 2055 ne
381 2003 447 2054 ad
474 2001 747 2055 ecclesiam
773 2001 861 2067 qui
889 2000 951 2053 de
978 2000 1192 2053 ecclesia
1216 2001 1495 2053 recesserat
1519 2001 1712 2053 redeat.
1760 2001 1915 2053 datur
1940 2015 2089 2067 opera
2114 2015 2178 2053 ne
2196 2020 2242 2054 ao
2317 1998 2328 2010 '

291 2087 736 2141 satisfactionibus
764 2089 815 2140 et
841 2086 1298 2140 lamentationibus
1333 2086 1485 2139 iustis
1522 2086 1711 2139 delicta
1735 2086 2071 2150 redimantur,
2116 2101 2180 2140 ne

292 2172 508 2226 uulnera
532 2173 763 2226 lacrimis
791 2172 1084 2226 abluantur.
1113 2188 1211 2240 pax
1236 2188 1360 2226 uera
1385 2172 1547 2226 falsae
1573 2173 1714 2239 pacis
1742 2172 2008 2226 mendacio
2029 2172 2178 2226 tolli-

291 2259 394 2324 tur,
435 2259 678 2313 salutaris
714 2259 857 2312 sinus
893 2259 1078 2312 matris
1116 2273 1332 2313 nouerca
1363 2258 1708 2313 intercedente
1736 2259 1982 2324 cluditur,
2022 2274 2085 2313 ne
2113 2258 2175 2312 de

470 2462 495 2504 1
527 2459 603 2503 Ex.
636 2460 706 2513 22,
741 2460 814 2504 20.
932 2460 959 2503 2
989 2459 1155 2503 Matth.
1189 2460 1256 2512 10,
1288 2460 1361 2503 33.
1478 2460 1507 2503 4
1537 2459 1610 2503 Es.
1643 2459 1713 2511 57,
1744 2460 1782 2503 6.

385 2647 410 2691 1
429 2646 729 2691 sacrificandis
745 2647 807 2690 M
816 2647 871 2693 Ὀ
889 2646 1159 2702 (sacrificans
1180 2645 1268 2689 diis
1291 2646 1351 2691 M
1356 2645 1431 2703 ²Q)
1549 2646 1576 2689 2
1597 2644 1829 2702 euangelio
1851 2658 1928 2689 suo
1947 2645 1993 2691 R
2012 2644 2091 2689 sed
2112 2656 2192 2688 suo

301 2733 403 2776 exp.
570 2719 597 2762 3
618 2718 885 2775 negauerint
907 2718 952 2764 R
1118 2719 1164 2761 et
1185 2731 1263 2774 ego
1286 2731 1385 2761 eum
1407 2717 1579 2774 negabo
1606 2717 1644 2775 Q
1809 2717 1836 2760 5
1856 2716 2071 2773 posuistis
2101 2717 2139 2762 Ο

295 2793 327 2836 6
364 2791 603 2835 intercedit
638 2792 694 2844 P,
732 2790 1034 2835 intercedetur
1072 2791 1109 2835 C
1116 2792 1129 2813 ¹
1303 2790 1328 2832 7
1365 2790 1426 2846 se]
1465 2791 1534 2832 set
1564 2788 1609 2833 R
1783 2790 2057 2845 protestatur
2090 2788 2137 2833 R

301 2865 329 2909 8
350 2863 512 2908 christi
534 2863 625 2907 LP
797 2863 824 2906 9
845 2864 1067 2919 temporas
1096 2862 1278 2906 litteras
1301 2863 1361 2906 Μ
1367 2865 1378 2885 ¹
1409 2862 1606 2918 (litteras
1629 2861 1767 2919 M2Q)
1791 2916 1794 2918 .
1942 2861 1998 2904 10
2020 2860 2188 2917 sumus]

305 2939 490 2981 sumunt
507 2937 553 2981 R
651 2936 835 2980 consilio
861 2936 943 2981 CR
1041 2936 1339 2993 consensione]
1363 2936 1666 2980 consentiente
1689 2936 1726 2979 G
1826 2935 1880 2978 11
1901 2936 2055 2978 nostro
2080 2932 2138 2978 0¹²

303 3009 663 3065 comminatione]
708 3009 1107 3053 communicatione
1143 3008 1233 3066 PQ
1407 3008 1461 3051 12
1497 3007 1660 3051 fratres
1702 3020 1740 3050 a.
1783 3020 1824 3050 u.
1866 3004 2193 3063 paenitentiam

304 3094 388 3126 om.
421 3081 465 3125 L
603 3082 659 3124 13
681 3080 786 3124 dare
809 3081 855 3126 R
985 3080 1059 3123 illi
1080 3083 1126 3124 et
1148 3081 1230 3126 CR
1365 3081 1421 3124 14
1440 3078 1651 3123 temerari
1674 3078 1761 3135 LQ
1897 3078 1952 3121 15
1973 3075 2198 3133 parricida

303 3153 369 3197 lia
393 3152 432 3210 Q
454 3151 691 3208 (perricida
722 3151 815 3195 alia
841 3153 931 3206 M),
964 3152 1225 3207 parricidali
1246 3152 1290 3196 R
1463 3164 1592 3194 suum
1613 3163 1694 3194 om.
1719 3149 1758 3195 G
1929 3148 2075 3192 zaboli
2096 3147 2143 3192 R

306 3226 361 3268 16
377 3225 606 3270 consumet
622 3224 671 3276 C,
708 3225 1012 3267 consumment
1032 3223 1098 3281 Qv
1330 3223 1400 3279 ne]
1422 3236 1501 3266 nec
1529 3222 1573 3267 V
1797 3221 1921 3265 curet
1938 3221 1982 3263 et
1999 3220 2082 3265 CR

307 3298 361 3341 17
383 3298 541 3342 frauda
564 3299 625 3343 M
644 3297 816 3353 (fraude
844 3297 898 3354 Q)
1076 3296 1433 3352 corrumpant3C¹
1608 3295 1664 3338 18
1684 3307 1738 3338 116
1759 3293 1853 3350 deo]
1877 3306 1955 3338 nec
1976 3306 2026 3337 eo
2047 3292 2086 3350 Q

307 3369 534 3425 indignati
556 3369 719 3421 C¹LR,
757 3368 1039 3425 indignantis
1066 3368 1105 3425 Q
1276 3367 1334 3411 20
1363 3367 1419 3411 ad
1450 3366 1635 3411 ecclesia
1656 3366 1703 3411 R
1875 3364 2042 3420 redeat]
2080 3375 2198 3408 rece·

304 3441 417 3485 dant
442 3441 479 3498 Q
608 3441 663 3484 21
687 3442 733 3485 et
753 3439 1149 3484 lamentationibus
1171 3452 1252 3483 om.
1280 3439 1318 3497 Q
1447 3439 1504 3482 22
1526 3438 1637 3482 false
1659 3437 1706 3491 0,
1733 3437 1875 3481 salsae
1898 3436 1943 3481 R
2056 3434 2198 3492 pacis]

308 3513 437 3569 papis
460 3512 505 3557 R
678 3512 735 3556 23
766 3511 1070 3568 praecluditur
1092 3511 1178 3565 Rv,
1199 3509 1470 3567 percluditur
1495 3510 1533 3555 Ο
