<?xml version="1.0" encoding="UTF-8"?>
<!DOCTYPE html PUBLIC "-//W3C//DTD XHTML 1.0 Transitional//EN"
    "http://www.w3.org/TR/xhtml1/DTD/xhtml1-transitional.dtd">
<html xmlns="http://www.w3.org/1999/xhtml" xml:lang="en" lang="en">
 <head>
  <title>
</title>
<meta http-equiv="Content-Type" content="text/html;charset=utf-8" />
  <meta name='ocr-system' content='tesseract 3.04.00' />
  <meta name='ocr-capabilities' content='ocr_page ocr_carea ocr_par ocr_line ocrx_word'/>
</head>
<body>
  <div class='ocr_page' id='page_1' title='image "./sthascicaecilicy03cypruoft_0258.png"; bbox 0 0 2332 3978; ppageno 0'>
   <div class='ocr_carea' id='block_1_1' title="bbox 1150 0 2174 57">
    <p class='ocr_par' dir='ltr' id='par_1_1' title="bbox 1150 0 2174 57">
     <span class='ocr_line' id='line_1_1' title="bbox 1150 0 2154 34; baseline 0.003 -5"><span class='ocrx_word' id='word_1_1' title='bbox 1150 4 1162 11; x_wconf 67' lang='grc'><strong><em>’</em></strong></span> <span class='ocrx_word' id='word_1_2' title='bbox 1191 0 1212 22; x_wconf 80' lang='lat'>:-</span> <span class='ocrx_word' id='word_1_3' title='bbox 1226 0 1245 15; x_wconf 59' lang='lat'>⁸¹</span> <span class='ocrx_word' id='word_1_4' title='bbox 1255 0 1285 18; x_wconf 41' lang='grc' dir='ltr'>ιτ</span> <span class='ocrx_word' id='word_1_5' title='bbox 1294 0 1423 29; x_wconf 36' lang='lat' dir='ltr'>eryt-&lt;qa</span> <span class='ocrx_word' id='word_1_6' title='bbox 1432 0 1446 24; x_wconf 62' lang='grc' dir='ltr'>τ.</span> <span class='ocrx_word' id='word_1_7' title='bbox 1459 0 1989 34; x_wconf 24' lang='grc' dir='ltr'>’ω’-’-νπᾏῡῡῑτῖ-πῡὲδίᾏέῑῠκμ-··..ἐκ·</span> <span class='ocrx_word' id='word_1_8' title='bbox 2004 4 2020 27; x_wconf 55' lang='lat'><em>³</em></span> <span class='ocrx_word' id='word_1_9' title='bbox 2037 4 2058 32; x_wconf 57' lang='grc' dir='ltr'>ῖ-</span> <span class='ocrx_word' id='word_1_10' title='bbox 2080 4 2082 8; x_wconf 72' lang='grc'>’</span> <span class='ocrx_word' id='word_1_11' title='bbox 2150 15 2154 19; x_wconf 90' lang='grc'><strong>-</strong></span> 
     </span>
     <span class='ocr_line' id='line_1_2' title="bbox 1479 34 2174 57; baseline 0.004 -13"><span class='ocrx_word' id='word_1_12' title='bbox 1479 47 1482 50; x_wconf 31' lang='lat'><strong>⁴</strong></span> <span class='ocrx_word' id='word_1_13' title='bbox 1562 35 1565 38; x_wconf 68' lang='lat'><strong>⁴</strong></span> <span class='ocrx_word' id='word_1_14' title='bbox 1635 35 1675 44; x_wconf 82' lang='lat'>.·</span> <span class='ocrx_word' id='word_1_15' title='bbox 1846 35 2045 57; x_wconf 30' lang='lat'>,⁴5,5.„.}4.</span> <span class='ocrx_word' id='word_1_16' title='bbox 2110 34 2174 49; x_wconf 56' lang='lat' dir='ltr'>‘&#39;n&#39;</span> 
     </span>
    </p>
   </div>
   <div class='ocr_carea' id='block_1_2' title="bbox 1897 0 2332 417">
    <p class='ocr_par' dir='ltr' id='par_1_2' title="bbox 1897 0 2332 417">
     <span class='ocr_line' id='line_1_3' title="bbox 1897 0 2332 417; baseline 0 3561"><span class='ocrx_word' id='word_1_17' title='bbox 1897 0 2332 417; x_wconf 95' lang='lat' dir='ltr'> </span> 
     </span>
    </p>
   </div>
   <div class='ocr_carea' id='block_1_3' title="bbox 305 322 1520 381">
    <p class='ocr_par' dir='ltr' id='par_1_3' title="bbox 305 322 1520 381">
     <span class='ocr_line' id='line_1_4' title="bbox 305 322 1520 381; baseline -0.002 -12"><span class='ocrx_word' id='word_1_18' title='bbox 305 326 413 381; x_wconf 78' lang='lat'>248</span> <span class='ocrx_word' id='word_1_19' title='bbox 976 322 1220 369; x_wconf 83' lang='lat' dir='ltr'>Caecilii</span> <span class='ocrx_word' id='word_1_20' title='bbox 1250 323 1520 381; x_wconf 85' lang='lat' dir='ltr'>Cypriani</span> 
     </span>
    </p>
   </div>
   <div class='ocr_carea' id='block_1_4' title="bbox 227 453 2332 2765">
    <p class='ocr_par' dir='ltr' id='par_1_4' title="bbox 227 453 2332 2765">
     <span class='ocr_line' id='line_1_5' title="bbox 305 453 2287 525; baseline 0.001 -17"><span class='ocrx_word' id='word_1_21' title='bbox 305 455 546 509; x_wconf 85' lang='lat' dir='ltr'>sanitatis</span> <span class='ocrx_word' id='word_1_22' title='bbox 565 453 872 522; x_wconf 88' lang='lat' dir='ltr'>patientiam</span> <span class='ocrx_word' id='word_1_23' title='bbox 891 471 983 509; x_wconf 89' lang='lat' dir='ltr'>nec</span> <span class='ocrx_word' id='word_1_24' title='bbox 1003 470 1181 508; x_wconf 86' lang='lat' dir='ltr'>ueram</span> <span class='ocrx_word' id='word_1_25' title='bbox 1198 454 1262 508; x_wconf 91' lang='lat' dir='ltr'>de</span> <span class='ocrx_word' id='word_1_26' title='bbox 1281 454 1632 509; x_wconf 75' lang='lat' dir='ltr'><strong>satisfactione</strong></span> <span class='ocrx_word' id='word_1_27' title='bbox 1650 455 1993 509; x_wconf 79' lang='lat' dir='ltr'>medicinam:</span> <span class='ocrx_word' id='word_1_28' title='bbox 2019 456 2198 525; x_wconf 89' lang='lat' dir='ltr'>paeni-</span> <span class='ocrx_word' id='word_1_29' title='bbox 2285 453 2287 456; x_wconf 47' lang='lat'><em>⁴</em></span> 
     </span>
     <span class='ocr_line' id='line_1_6' title="bbox 308 541 2197 611; baseline 0.001 -17"><span class='ocrx_word' id='word_1_30' title='bbox 308 541 474 595; x_wconf 89' lang='lat' dir='ltr'>tentia</span> <span class='ocrx_word' id='word_1_31' title='bbox 517 541 581 595; x_wconf 89' lang='lat' dir='ltr'>de</span> <span class='ocrx_word' id='word_1_32' title='bbox 624 541 917 610; x_wconf 75' lang='lat' dir='ltr'>pectoribus</span> <span class='ocrx_word' id='word_1_33' title='bbox 963 542 1168 596; x_wconf 88' lang='lat' dir='ltr'>exclusa</span> <span class='ocrx_word' id='word_1_34' title='bbox 1210 543 1314 607; x_wconf 88' lang='lat' dir='ltr'>est,</span> <span class='ocrx_word' id='word_1_35' title='bbox 1354 542 1654 611; x_wconf 90' lang='lat' dir='ltr'>grauissimi</span> <span class='ocrx_word' id='word_1_36' title='bbox 1678 541 1994 610; x_wconf 79' lang='lat' dir='ltr'>extremique</span> <span class='ocrx_word' id='word_1_37' title='bbox 2019 542 2197 596; x_wconf 76' lang='lat' dir='ltr'>delicti</span> 
     </span>
     <span class='ocr_line' id='line_1_7' title="bbox 308 628 2197 698; baseline 0.001 -18"><span class='ocrx_word' id='word_1_38' title='bbox 308 628 557 681; x_wconf 90' lang='lat' dir='ltr'>memoria</span> <span class='ocrx_word' id='word_1_39' title='bbox 598 628 802 681; x_wconf 90' lang='lat' dir='ltr'>sublata</span> <span class='ocrx_word' id='word_1_40' title='bbox 827 629 920 682; x_wconf 85' lang='lat' dir='ltr'>est.</span> <span class='ocrx_word' id='word_1_41' title='bbox 960 628 1260 696; x_wconf 90' lang='lat' dir='ltr'>operiuntur</span> <span class='ocrx_word' id='word_1_42' title='bbox 1303 628 1638 682; x_wconf 89' lang='lat' dir='ltr'>morientium</span> <span class='ocrx_word' id='word_1_43' title='bbox 1682 629 1902 683; x_wconf 90' lang='lat' dir='ltr'>uulnera</span> <span class='ocrx_word' id='word_1_44' title='bbox 1944 629 1998 682; x_wconf 91' lang='lat' dir='ltr'>et</span> <span class='ocrx_word' id='word_1_45' title='bbox 2039 629 2197 698; x_wconf 84' lang='lat' dir='ltr'>plaga</span> 
     </span>
     <span class='ocr_line' id='line_1_8' title="bbox 305 713 2196 781; baseline 0.001 -15"><span class='ocrx_word' id='word_1_46' title='bbox 305 714 478 767; x_wconf 89' lang='lat' dir='ltr'>letalis</span> <span class='ocrx_word' id='word_1_47' title='bbox 503 713 626 766; x_wconf 88' lang='lat' dir='ltr'>altis</span> <span class='ocrx_word' id='word_1_48' title='bbox 653 714 705 766; x_wconf 88' lang='lat' dir='ltr'>et</span> <span class='ocrx_word' id='word_1_49' title='bbox 729 713 995 781; x_wconf 81' lang='lat' dir='ltr'>profundis</span> <span class='ocrx_word' id='word_1_50' title='bbox 1020 714 1304 767; x_wconf 88' lang='lat' dir='ltr'>uisceribus</span> <span class='ocrx_word' id='word_1_51' title='bbox 1329 713 1487 767; x_wconf 87' lang='lat' dir='ltr'>infixa</span> <span class='ocrx_word' id='word_1_52' title='bbox 1521 714 1849 768; x_wconf 84' lang='lat' dir='ltr'>dissimulato</span> <span class='ocrx_word' id='word_1_53' title='bbox 1876 715 2050 768; x_wconf 90' lang='lat' dir='ltr'>dolore</span> <span class='ocrx_word' id='word_1_54' title='bbox 2076 730 2196 768; x_wconf 90' lang='lat' dir='ltr'>con-</span> 
     </span>
     <span class='ocr_line' id='line_1_9' title="bbox 306 799 2254 870; baseline -0.001 -18"><span class='ocrx_word' id='word_1_55' title='bbox 306 800 516 870; x_wconf 84' lang='lat' dir='ltr'>tegitur.</span> <span class='ocrx_word' id='word_1_56' title='bbox 575 817 607 853; x_wconf 92' lang='lat' dir='ltr'>a</span> <span class='ocrx_word' id='word_1_57' title='bbox 644 799 839 853; x_wconf 90' lang='lat' dir='ltr'>diaboli</span> <span class='ocrx_word' id='word_1_58' title='bbox 876 801 979 854; x_wconf 88' lang='lat' dir='ltr'>aris</span> <span class='ocrx_word' id='word_1_59' title='bbox 1017 800 1331 854; x_wconf 88' lang='lat' dir='ltr'>reuertentes</span> <span class='ocrx_word' id='word_1_60' title='bbox 1369 801 1436 853; x_wconf 92' lang='lat' dir='ltr'>ad</span> <span class='ocrx_word' id='word_1_61' title='bbox 1474 802 1712 854; x_wconf 88' lang='lat' dir='ltr'>sanctum</span> <span class='ocrx_word' id='word_1_62' title='bbox 1737 800 1948 854; x_wconf 81' lang='lat' dir='ltr'>Domini</span> <span class='ocrx_word' id='word_1_63' title='bbox 1973 800 2194 855; x_wconf 81' lang='lat' dir='ltr'>sordidis</span> <span class='ocrx_word' id='word_1_64' title='bbox 2233 820 2254 851; x_wconf 70' lang='grc' dir='ltr'>ε»</span> 
     </span>
     <span class='ocr_line' id='line_1_10' title="bbox 306 886 2195 950; baseline 0.001 -12"><span class='ocrx_word' id='word_1_65' title='bbox 306 887 359 939; x_wconf 86' lang='lat' dir='ltr'>et</span> <span class='ocrx_word' id='word_1_66' title='bbox 395 886 601 939; x_wconf 85' lang='lat' dir='ltr'>infectis</span> <span class='ocrx_word' id='word_1_67' title='bbox 637 886 813 939; x_wconf 90' lang='lat' dir='ltr'>nidore</span> <span class='ocrx_word' id='word_1_68' title='bbox 849 886 1091 939; x_wconf 91' lang='lat' dir='ltr'>manibus</span> <span class='ocrx_word' id='word_1_69' title='bbox 1130 886 1400 950; x_wconf 90' lang='lat' dir='ltr'>accedunt,</span> <span class='ocrx_word' id='word_1_70' title='bbox 1439 886 1733 940; x_wconf 86' lang='lat' dir='ltr'>mortiferos</span> <span class='ocrx_word' id='word_1_71' title='bbox 1770 886 2029 941; x_wconf 88' lang='lat' dir='ltr'>idolorum</span> <span class='ocrx_word' id='word_1_72' title='bbox 2054 887 2195 941; x_wconf 89' lang='lat' dir='ltr'>cibos</span> 
     </span>
     <span class='ocr_line' id='line_1_11' title="bbox 305 972 2195 1040; baseline 0.001 -15"><span class='ocrx_word' id='word_1_73' title='bbox 305 973 473 1025; x_wconf 91' lang='lat' dir='ltr'>adhuc</span> <span class='ocrx_word' id='word_1_74' title='bbox 496 988 654 1040; x_wconf 91' lang='lat' dir='ltr'>paene</span> <span class='ocrx_word' id='word_1_75' title='bbox 679 973 941 1025; x_wconf 90' lang='lat' dir='ltr'>ructantes</span> <span class='ocrx_word' id='word_1_76' title='bbox 968 972 1329 1025; x_wconf 79' lang='lat' dir='ltr'>exhalantibus</span> <span class='ocrx_word' id='word_1_77' title='bbox 1357 972 1520 1025; x_wconf 89' lang='lat' dir='ltr'>etiam</span> <span class='ocrx_word' id='word_1_78' title='bbox 1544 988 1680 1025; x_wconf 93' lang='lat' dir='ltr'>nunc</span> <span class='ocrx_word' id='word_1_79' title='bbox 1705 973 1871 1026; x_wconf 89' lang='lat' dir='ltr'>scelus</span> <span class='ocrx_word' id='word_1_80' title='bbox 1898 990 2055 1027; x_wconf 92' lang='lat' dir='ltr'>suum</span> <span class='ocrx_word' id='word_1_81' title='bbox 2080 973 2195 1026; x_wconf 90' lang='lat' dir='ltr'>fau-</span> 
     </span>
     <span class='ocr_line' id='line_1_12' title="bbox 308 1059 2195 1130; baseline 0.001 -18"><span class='ocrx_word' id='word_1_82' title='bbox 308 1060 453 1112; x_wconf 90' lang='lat' dir='ltr'>cibus</span> <span class='ocrx_word' id='word_1_83' title='bbox 480 1061 532 1113; x_wconf 88' lang='lat' dir='ltr'>et</span> <span class='ocrx_word' id='word_1_84' title='bbox 558 1059 798 1130; x_wconf 84' lang='lat' dir='ltr'>contagia</span> <span class='ocrx_word' id='word_1_85' title='bbox 823 1059 1029 1112; x_wconf 85' lang='lat' dir='ltr'>funesta</span> <span class='ocrx_word' id='word_1_86' title='bbox 1067 1059 1418 1111; x_wconf 88' lang='lat' dir='ltr'>redolentibus</span> <span class='ocrx_word' id='word_1_87' title='bbox 1456 1059 1668 1111; x_wconf 88' lang='lat' dir='ltr'>Domini</span> <span class='ocrx_word' id='word_1_88' title='bbox 1705 1074 1887 1126; x_wconf 89' lang='lat' dir='ltr'>corpus</span> <span class='ocrx_word' id='word_1_89' title='bbox 1924 1059 2195 1124; x_wconf 88' lang='lat' dir='ltr'>inuadunt,</span> 
     </span>
     <span class='ocr_line' id='line_1_13' title="bbox 304 1144 2195 1214; baseline 0.001 -16"><span class='ocrx_word' id='word_1_90' title='bbox 304 1147 505 1214; x_wconf 86' lang='lat' dir='ltr'>quando</span> <span class='ocrx_word' id='word_1_91' title='bbox 526 1146 756 1198; x_wconf 87' lang='lat' dir='ltr'>occurrat</span> <span class='ocrx_word' id='word_1_92' title='bbox 782 1145 1035 1212; x_wconf 91' lang='lat' dir='ltr'>scriptura</span> <span class='ocrx_word' id='word_1_93' title='bbox 1055 1144 1231 1197; x_wconf 90' lang='lat' dir='ltr'>diuina</span> <span class='ocrx_word' id='word_1_94' title='bbox 1250 1145 1301 1197; x_wconf 89' lang='lat' dir='ltr'>et</span> <span class='ocrx_word' id='word_1_95' title='bbox 1322 1144 1509 1197; x_wconf 90' lang='lat' dir='ltr'>clamet</span> <span class='ocrx_word' id='word_1_96' title='bbox 1528 1147 1582 1198; x_wconf 89' lang='lat' dir='ltr'>et</span> <span class='ocrx_word' id='word_1_97' title='bbox 1602 1145 1770 1198; x_wconf 86' lang='lat' dir='ltr'>dicat:</span> <span class='ocrx_word' id='word_1_98' title='bbox 1794 1146 1996 1200; x_wconf 89' lang='lat' dir='ltr'>omnis</span> <span class='ocrx_word' id='word_1_99' title='bbox 2022 1163 2121 1200; x_wconf 93' lang='lat' dir='ltr'>mu</span> <span class='ocrx_word' id='word_1_100' title='bbox 2135 1163 2195 1199; x_wconf 90' lang='lat' dir='ltr'>n-</span> 
     </span>
     <span class='ocr_line' id='line_1_14' title="bbox 306 1230 2254 1299; baseline 0 -14"><span class='ocrx_word' id='word_1_101' title='bbox 306 1231 425 1285; x_wconf 90' lang='lat' dir='ltr'>dus</span> <span class='ocrx_word' id='word_1_102' title='bbox 461 1231 877 1285; x_wconf 77' lang='lat' dir='ltr'>manducabit</span> <span class='ocrx_word' id='word_1_103' title='bbox 912 1246 1193 1294; x_wconf 88' lang='lat' dir='ltr'>carnem,</span> <span class='ocrx_word' id='word_1_104' title='bbox 1223 1231 1286 1283; x_wconf 90' lang='lat' dir='ltr'>et</span> <span class='ocrx_word' id='word_1_105' title='bbox 1323 1230 1535 1283; x_wconf 88' lang='lat' dir='ltr'>anima</span> <span class='ocrx_word' id='word_1_106' title='bbox 1561 1247 2001 1299; x_wconf 87' lang='lat' dir='ltr'>quaecumque</span> <span class='ocrx_word' id='word_1_107' title='bbox 2026 1249 2196 1285; x_wconf 88' lang='lat' dir='ltr'>man·</span> <span class='ocrx_word' id='word_1_108' title='bbox 2213 1248 2254 1280; x_wconf 82' lang='grc' dir='ltr'>ιο</span> 
     </span>
     <span class='ocr_line' id='line_1_15' title="bbox 307 1315 2197 1384; baseline 0.001 -14"><span class='ocrx_word' id='word_1_109' title='bbox 307 1319 510 1371; x_wconf 90' lang='lat' dir='ltr'>ducau</span> <span class='ocrx_word' id='word_1_110' title='bbox 526 1317 657 1370; x_wconf 90' lang='lat' dir='ltr'>erit</span> <span class='ocrx_word' id='word_1_111' title='bbox 695 1334 764 1370; x_wconf 80' lang='lat' dir='ltr'>ex</span> <span class='ocrx_word' id='word_1_112' title='bbox 802 1333 828 1369; x_wconf 93' lang='lat' dir='ltr'>c</span> <span class='ocrx_word' id='word_1_113' title='bbox 844 1333 992 1369; x_wconf 89' lang='lat' dir='ltr'>arne</span> <span class='ocrx_word' id='word_1_114' title='bbox 1030 1315 1361 1369; x_wconf 86' lang='lat' dir='ltr'>sacrificii</span> <span class='ocrx_word' id='word_1_115' title='bbox 1399 1332 1423 1369; x_wconf 91' lang='lat' dir='ltr'>s</span> <span class='ocrx_word' id='word_1_116' title='bbox 1439 1317 1724 1370; x_wconf 86' lang='lat' dir='ltr'>alutaris</span> <span class='ocrx_word' id='word_1_117' title='bbox 1763 1317 1927 1384; x_wconf 89' lang='lat' dir='ltr'>quod</span> <span class='ocrx_word' id='word_1_118' title='bbox 1964 1320 2060 1371; x_wconf 91' lang='lat' dir='ltr'>est</span> <span class='ocrx_word' id='word_1_119' title='bbox 2085 1319 2197 1372; x_wconf 94' lang='lat' dir='ltr'>Do-</span> 
     </span>
     <span class='ocr_line' id='line_1_16' title="bbox 307 1403 2197 1471; baseline 0.001 -13"><span class='ocrx_word' id='word_1_120' title='bbox 307 1406 496 1469; x_wconf 89' lang='lat' dir='ltr'>mini,</span> <span class='ocrx_word' id='word_1_121' title='bbox 539 1413 601 1457; x_wconf 85' lang='lat' dir='ltr'>et</span> <span class='ocrx_word' id='word_1_122' title='bbox 637 1403 1041 1457; x_wconf 89' lang='lat' dir='ltr'>inmunditia</span> <span class='ocrx_word' id='word_1_123' title='bbox 1077 1403 1293 1470; x_wconf 91' lang='lat' dir='ltr'>ipsius</span> <span class='ocrx_word' id='word_1_124' title='bbox 1333 1419 1525 1470; x_wconf 89' lang='lat' dir='ltr'>super</span> <span class='ocrx_word' id='word_1_125' title='bbox 1560 1403 1776 1470; x_wconf 92' lang='lat' dir='ltr'>ipsum</span> <span class='ocrx_word' id='word_1_126' title='bbox 1801 1406 1921 1468; x_wconf 90' lang='lat' dir='ltr'>est,</span> <span class='ocrx_word' id='word_1_127' title='bbox 1948 1406 2197 1471; x_wconf 90' lang='lat' dir='ltr'>peribit</span> 
     </span>
     <span class='ocr_line' id='line_1_17' title="bbox 306 1489 2194 1558; baseline 0.001 -15"><span class='ocrx_word' id='word_1_128' title='bbox 306 1491 519 1544; x_wconf 86' lang='lat' dir='ltr'>anima</span> <span class='ocrx_word' id='word_1_129' title='bbox 556 1490 638 1542; x_wconf 88' lang='lat' dir='ltr'>ill</span> <span class='ocrx_word' id='word_1_130' title='bbox 654 1506 684 1542; x_wconf 92' lang='lat' dir='ltr'>a</span> <span class='ocrx_word' id='word_1_131' title='bbox 720 1491 791 1542; x_wconf 89' lang='lat' dir='ltr'>de</span> <span class='ocrx_word' id='word_1_132' title='bbox 828 1490 1063 1558; x_wconf 86' lang='lat' dir='ltr'>populo</span> <span class='ocrx_word' id='word_1_133' title='bbox 1102 1505 1211 1542; x_wconf 89' lang='lat' dir='ltr'>suo</span> <span class='ocrx_word' id='word_1_134' title='bbox 1228 1531 1240 1554; x_wconf 89' lang='lat'><strong><em>,</em></strong></span> <span class='ocrx_word' id='word_1_135' title='bbox 1267 1490 1528 1556; x_wconf 88' lang='lat' dir='ltr'>apostolus</span> <span class='ocrx_word' id='word_1_136' title='bbox 1554 1489 1684 1543; x_wconf 88' lang='lat' dir='ltr'>item</span> <span class='ocrx_word' id='word_1_137' title='bbox 1710 1491 1930 1544; x_wconf 89' lang='lat' dir='ltr'>testetur</span> <span class='ocrx_word' id='word_1_138' title='bbox 1955 1492 2006 1544; x_wconf 90' lang='lat' dir='ltr'>et</span> <span class='ocrx_word' id='word_1_139' title='bbox 2033 1492 2194 1545; x_wconf 86' lang='lat' dir='ltr'>dicat:</span> 
     </span>
     <span class='ocr_line' id='line_1_18' title="bbox 306 1575 2196 1644; baseline 0.002 -15"><span class='ocrx_word' id='word_1_140' title='bbox 306 1593 426 1629; x_wconf 89' lang='lat' dir='ltr'>non</span> <span class='ocrx_word' id='word_1_141' title='bbox 463 1576 744 1644; x_wconf 87' lang='lat' dir='ltr'>potestis</span> <span class='ocrx_word' id='word_1_142' title='bbox 783 1575 1056 1628; x_wconf 86' lang='lat' dir='ltr'>calicem</span> <span class='ocrx_word' id='word_1_143' title='bbox 1081 1575 1340 1628; x_wconf 89' lang='lat' dir='ltr'>Domini</span> <span class='ocrx_word' id='word_1_144' title='bbox 1379 1576 1484 1629; x_wconf 91' lang='lat' dir='ltr'>bib</span> <span class='ocrx_word' id='word_1_145' title='bbox 1502 1592 1606 1629; x_wconf 90' lang='lat' dir='ltr'>ere</span> <span class='ocrx_word' id='word_1_146' title='bbox 1644 1577 1706 1629; x_wconf 89' lang='lat' dir='ltr'>et</span> <span class='ocrx_word' id='word_1_147' title='bbox 1743 1577 2018 1631; x_wconf 87' lang='lat' dir='ltr'>calicem</span> <span class='ocrx_word' id='word_1_148' title='bbox 2056 1579 2196 1631; x_wconf 88' lang='lat' dir='ltr'>dae-</span> 
     </span>
     <span class='ocr_line' id='line_1_19' title="bbox 307 1662 2332 1729; baseline 0.001 -14"><span class='ocrx_word' id='word_1_149' title='bbox 307 1664 516 1716; x_wconf 89' lang='lat' dir='ltr'>monio</span> <span class='ocrx_word' id='word_1_150' title='bbox 533 1679 692 1714; x_wconf 90' lang='lat' dir='ltr'>rum:</span> <span class='ocrx_word' id='word_1_151' title='bbox 756 1678 876 1714; x_wconf 90' lang='lat' dir='ltr'>non</span> <span class='ocrx_word' id='word_1_152' title='bbox 928 1662 1210 1729; x_wconf 87' lang='lat' dir='ltr'>potestis</span> <span class='ocrx_word' id='word_1_153' title='bbox 1267 1678 1520 1715; x_wconf 87' lang='lat' dir='ltr'>mensae</span> <span class='ocrx_word' id='word_1_154' title='bbox 1569 1663 1616 1714; x_wconf 92' lang='lat' dir='ltr'>D</span> <span class='ocrx_word' id='word_1_155' title='bbox 1632 1663 1829 1715; x_wconf 90' lang='lat' dir='ltr'>omini</span> <span class='ocrx_word' id='word_1_156' title='bbox 1869 1666 2195 1718; x_wconf 90' lang='lat' dir='ltr'>conmuni·</span> <span class='ocrx_word' id='word_1_157' title='bbox 2213 1679 2253 1710; x_wconf 79' lang='lat'>1⁵</span> <span class='ocrx_word' id='word_1_158' title='bbox 2316 1665 2332 1709; x_wconf 56' lang='grc' dir='ltr'><em>Ρ</em></span> 
     </span>
     <span class='ocr_line' id='line_1_20' title="bbox 307 1748 2195 1818; baseline 0.002 -17"><span class='ocrx_word' id='word_1_159' title='bbox 307 1766 450 1802; x_wconf 90' lang='lat' dir='ltr'>care</span> <span class='ocrx_word' id='word_1_160' title='bbox 488 1750 548 1802; x_wconf 91' lang='lat' dir='ltr'>et</span> <span class='ocrx_word' id='word_1_161' title='bbox 586 1765 837 1802; x_wconf 87' lang='lat' dir='ltr'>mensae</span> <span class='ocrx_word' id='word_1_162' title='bbox 876 1749 1381 1812; x_wconf 89' lang='lat' dir='ltr'>daemoniorum,</span> <span class='ocrx_word' id='word_1_163' title='bbox 1421 1748 1560 1800; x_wconf 91' lang='lat' dir='ltr'>idem</span> <span class='ocrx_word' id='word_1_164' title='bbox 1587 1749 1975 1803; x_wconf 90' lang='lat' dir='ltr'>contumacibus</span> <span class='ocrx_word' id='word_1_165' title='bbox 2003 1752 2054 1804; x_wconf 88' lang='lat' dir='ltr'>et</span> <span class='ocrx_word' id='word_1_166' title='bbox 2079 1767 2195 1818; x_wconf 86' lang='lat' dir='ltr'>per-</span> 
     </span>
     <span class='ocr_line' id='line_1_21' title="bbox 307 1834 2196 1903; baseline 0.002 -16"><span class='ocrx_word' id='word_1_167' title='bbox 307 1835 568 1888; x_wconf 89' lang='lat' dir='ltr'>uicacibus</span> <span class='ocrx_word' id='word_1_168' title='bbox 596 1836 918 1888; x_wconf 87' lang='lat' dir='ltr'>conminetur</span> <span class='ocrx_word' id='word_1_169' title='bbox 946 1836 997 1887; x_wconf 87' lang='lat' dir='ltr'>et</span> <span class='ocrx_word' id='word_1_170' title='bbox 1023 1834 1294 1887; x_wconf 88' lang='lat' dir='ltr'>denuntiet</span> <span class='ocrx_word' id='word_1_171' title='bbox 1329 1834 1501 1887; x_wconf 89' lang='lat' dir='ltr'>dicens</span> <span class='ocrx_word' id='word_1_172' title='bbox 1515 1854 1527 1887; x_wconf 78' lang='lat' dir='ltr'><em>z</em></span> <span class='ocrx_word' id='word_1_173' title='bbox 1568 1851 1599 1901; x_wconf 90' lang='lat' dir='ltr'><strong>q</strong></span> <span class='ocrx_word' id='word_1_174' title='bbox 1611 1835 1674 1887; x_wconf 91' lang='lat' dir='ltr'>ui</span> <span class='ocrx_word' id='word_1_175' title='bbox 1686 1852 1712 1888; x_wconf 95' lang='lat' dir='ltr'>c</span> <span class='ocrx_word' id='word_1_176' title='bbox 1724 1852 1757 1887; x_wconf 96' lang='lat' dir='ltr'>u</span> <span class='ocrx_word' id='word_1_177' title='bbox 1768 1852 1821 1888; x_wconf 91' lang='lat' dir='ltr'>m</span> <span class='ocrx_word' id='word_1_178' title='bbox 1833 1852 1865 1903; x_wconf 88' lang='lat' dir='ltr'>q</span> <span class='ocrx_word' id='word_1_179' title='bbox 1877 1853 1912 1888; x_wconf 94' lang='lat' dir='ltr'>u</span> <span class='ocrx_word' id='word_1_180' title='bbox 1923 1852 1949 1888; x_wconf 91' lang='lat' dir='ltr'>e</span> <span class='ocrx_word' id='word_1_181' title='bbox 1985 1852 2011 1889; x_wconf 89' lang='lat' dir='ltr'>e</span> <span class='ocrx_word' id='word_1_182' title='bbox 2023 1837 2056 1888; x_wconf 93' lang='lat' dir='ltr'>d</span> <span class='ocrx_word' id='word_1_183' title='bbox 2070 1853 2096 1890; x_wconf 91' lang='lat' dir='ltr'>e</span> <span class='ocrx_word' id='word_1_184' title='bbox 2107 1854 2133 1889; x_wconf 91' lang='lat' dir='ltr'>r</span> <span class='ocrx_word' id='word_1_185' title='bbox 2143 1838 2196 1890; x_wconf 90' lang='lat' dir='ltr'>it</span> 
     </span>
     <span class='ocr_line' id='line_1_22' title="bbox 306 1920 2195 1990; baseline 0.002 -17"><span class='ocrx_word' id='word_1_186' title='bbox 306 1938 530 1989; x_wconf 88' lang='lat' dir='ltr'>panem</span> <span class='ocrx_word' id='word_1_187' title='bbox 569 1923 628 1974; x_wconf 88' lang='lat' dir='ltr'>et</span> <span class='ocrx_word' id='word_1_188' title='bbox 666 1922 915 1974; x_wconf 89' lang='lat' dir='ltr'>biberit</span> <span class='ocrx_word' id='word_1_189' title='bbox 964 1921 1233 1973; x_wconf 88' lang='lat' dir='ltr'>calicem</span> <span class='ocrx_word' id='word_1_190' title='bbox 1272 1920 1533 1973; x_wconf 90' lang='lat' dir='ltr'>Domini</span> <span class='ocrx_word' id='word_1_191' title='bbox 1572 1921 1840 1990; x_wconf 83' lang='lat' dir='ltr'>indigne</span> <span class='ocrx_word' id='word_1_192' title='bbox 1879 1939 2030 1976; x_wconf 88' lang='lat' dir='ltr'>reus</span> <span class='ocrx_word' id='word_1_193' title='bbox 2070 1924 2195 1976; x_wconf 90' lang='lat' dir='ltr'>erit</span> 
     </span>
     <span class='ocr_line' id='line_1_23' title="bbox 308 2006 2332 2078; baseline -0.001 -19"><span class='ocrx_word' id='word_1_194' title='bbox 308 2008 593 2074; x_wconf 85' lang='lat' dir='ltr'>corporis</span> <span class='ocrx_word' id='word_1_195' title='bbox 632 2009 693 2059; x_wconf 86' lang='lat' dir='ltr'>et</span> <span class='ocrx_word' id='word_1_196' title='bbox 730 2007 1070 2075; x_wconf 89' lang='lat' dir='ltr'>sanguinis</span> <span class='ocrx_word' id='word_1_197' title='bbox 1110 2006 1384 2058; x_wconf 91' lang='lat' dir='ltr'>Domini.</span> <span class='ocrx_word' id='word_1_198' title='bbox 2317 2054 2332 2078; x_wconf 77' lang='lat'>-÷</span> 
     </span>
     <span class='ocr_line' id='line_1_24' title="bbox 227 2083 2332 2160; baseline 0.001 -16"><span class='ocrx_word' id='word_1_199' title='bbox 227 2106 290 2157; x_wconf 67' lang='grc' dir='ltr'><strong>η</strong></span> <span class='ocrx_word' id='word_1_200' title='bbox 381 2092 575 2160; x_wconf 85' lang='lat' dir='ltr'>Spretis</span> <span class='ocrx_word' id='word_1_201' title='bbox 601 2093 681 2144; x_wconf 90' lang='lat' dir='ltr'>his</span> <span class='ocrx_word' id='word_1_202' title='bbox 708 2093 945 2145; x_wconf 89' lang='lat' dir='ltr'>omnibus</span> <span class='ocrx_word' id='word_1_203' title='bbox 967 2094 1133 2159; x_wconf 89' lang='lat' dir='ltr'>adque</span> <span class='ocrx_word' id='word_1_204' title='bbox 1160 2092 1468 2159; x_wconf 88' lang='lat' dir='ltr'>contemptis</span> <span class='ocrx_word' id='word_1_205' title='bbox 1489 2094 1606 2146; x_wconf 89' lang='lat' dir='ltr'>ante</span> <span class='ocrx_word' id='word_1_206' title='bbox 1626 2094 1828 2160; x_wconf 82' lang='lat' dir='ltr'>expiata</span> <span class='ocrx_word' id='word_1_207' title='bbox 1846 2095 2051 2159; x_wconf 89' lang='lat' dir='ltr'>delicta,</span> <span class='ocrx_word' id='word_1_208' title='bbox 2080 2096 2195 2148; x_wconf 90' lang='lat' dir='ltr'>ante</span> <span class='ocrx_word' id='word_1_209' title='bbox 2213 2108 2254 2140; x_wconf 86' lang='lat'>20</span> <span class='ocrx_word' id='word_1_210' title='bbox 2317 2083 2332 2147; x_wconf 58' lang='lat'>:³2</span> 
     </span>
     <span class='ocr_line' id='line_1_25' title="bbox 309 2178 2195 2248; baseline 0.002 -17"><span class='ocrx_word' id='word_1_211' title='bbox 309 2179 706 2248; x_wconf 84' lang='lat' dir='ltr'>exomologesim</span> <span class='ocrx_word' id='word_1_212' title='bbox 743 2179 938 2231; x_wconf 89' lang='lat' dir='ltr'>factam</span> <span class='ocrx_word' id='word_1_213' title='bbox 974 2178 1232 2244; x_wconf 80' lang='lat' dir='ltr'>criminiS,</span> <span class='ocrx_word' id='word_1_214' title='bbox 1273 2179 1390 2231; x_wconf 86' lang='lat' dir='ltr'>ante</span> <span class='ocrx_word' id='word_1_215' title='bbox 1416 2180 1695 2248; x_wconf 90' lang='lat' dir='ltr'>purgatam</span> <span class='ocrx_word' id='word_1_216' title='bbox 1722 2181 2086 2234; x_wconf 87' lang='lat' dir='ltr'>conscientiam</span> <span class='ocrx_word' id='word_1_217' title='bbox 2112 2197 2195 2234; x_wconf 92' lang='lat' dir='ltr'>sa-</span> 
     </span>
     <span class='ocr_line' id='line_1_26' title="bbox 309 2264 2196 2336; baseline 0.002 -19"><span class='ocrx_word' id='word_1_218' title='bbox 309 2265 499 2318; x_wconf 89' lang='lat' dir='ltr'>crificio</span> <span class='ocrx_word' id='word_1_219' title='bbox 537 2266 589 2317; x_wconf 91' lang='lat' dir='ltr'>et</span> <span class='ocrx_word' id='word_1_220' title='bbox 626 2281 783 2317; x_wconf 90' lang='lat' dir='ltr'>manu</span> <span class='ocrx_word' id='word_1_221' title='bbox 820 2265 1096 2317; x_wconf 88' lang='lat' dir='ltr'>sacerdotis</span> <span class='ocrx_word' id='word_1_222' title='bbox 1111 2306 1122 2328; x_wconf 91' lang='lat'><strong><em>,</em></strong></span> <span class='ocrx_word' id='word_1_223' title='bbox 1164 2265 1281 2316; x_wconf 89' lang='lat' dir='ltr'>ante</span> <span class='ocrx_word' id='word_1_224' title='bbox 1321 2264 1567 2318; x_wconf 86' lang='lat' dir='ltr'>offensam</span> <span class='ocrx_word' id='word_1_225' title='bbox 1592 2266 1852 2333; x_wconf 89' lang='lat' dir='ltr'>placatam</span> <span class='ocrx_word' id='word_1_226' title='bbox 1877 2267 2196 2336; x_wconf 86' lang='lat' dir='ltr'>indignantis</span> 
     </span>
     <span class='ocr_line' id='line_1_27' title="bbox 308 2351 2193 2424; baseline 0.003 -21"><span class='ocrx_word' id='word_1_227' title='bbox 308 2351 520 2405; x_wconf 91' lang='lat' dir='ltr'>Domini</span> <span class='ocrx_word' id='word_1_228' title='bbox 547 2353 599 2404; x_wconf 89' lang='lat' dir='ltr'>et</span> <span class='ocrx_word' id='word_1_229' title='bbox 625 2352 871 2404; x_wconf 86' lang='lat' dir='ltr'>minantis</span> <span class='ocrx_word' id='word_1_230' title='bbox 908 2352 989 2404; x_wconf 92' lang='lat' dir='ltr'>uis</span> <span class='ocrx_word' id='word_1_231' title='bbox 1026 2351 1248 2404; x_wconf 85' lang='lat' dir='ltr'>infertur</span> <span class='ocrx_word' id='word_1_232' title='bbox 1286 2352 1483 2420; x_wconf 88' lang='lat' dir='ltr'>corpori</span> <span class='ocrx_word' id='word_1_233' title='bbox 1520 2352 1631 2406; x_wconf 90' lang='lat' dir='ltr'>eius</span> <span class='ocrx_word' id='word_1_234' title='bbox 1658 2354 1710 2406; x_wconf 88' lang='lat' dir='ltr'>et</span> <span class='ocrx_word' id='word_1_235' title='bbox 1733 2354 1973 2423; x_wconf 84' lang='lat' dir='ltr'>sanguini</span> <span class='ocrx_word' id='word_1_236' title='bbox 2000 2356 2051 2408; x_wconf 90' lang='lat' dir='ltr'>et</span> <span class='ocrx_word' id='word_1_237' title='bbox 2076 2356 2193 2424; x_wconf 90' lang='lat' dir='ltr'>plus</span> 
     </span>
     <span class='ocr_line' id='line_1_28' title="bbox 309 2438 2198 2507; baseline 0.002 -17"><span class='ocrx_word' id='word_1_238' title='bbox 309 2439 459 2491; x_wconf 91' lang='lat' dir='ltr'>modo</span> <span class='ocrx_word' id='word_1_239' title='bbox 486 2438 541 2490; x_wconf 89' lang='lat' dir='ltr'>in</span> <span class='ocrx_word' id='word_1_240' title='bbox 558 2438 842 2490; x_wconf 89' lang='lat' dir='ltr'>Dominum</span> <span class='ocrx_word' id='word_1_241' title='bbox 867 2438 1108 2490; x_wconf 88' lang='lat' dir='ltr'>manibus</span> <span class='ocrx_word' id='word_1_242' title='bbox 1135 2438 1298 2505; x_wconf 89' lang='lat' dir='ltr'>adque</span> <span class='ocrx_word' id='word_1_243' title='bbox 1324 2453 1409 2491; x_wconf 90' lang='lat' dir='ltr'>ore</span> <span class='ocrx_word' id='word_1_244' title='bbox 1436 2438 1743 2506; x_wconf 88' lang='lat' dir='ltr'>delinquunt</span> <span class='ocrx_word' id='word_1_245' title='bbox 1770 2457 1926 2507; x_wconf 88' lang='lat' dir='ltr'>quam</span> <span class='ocrx_word' id='word_1_246' title='bbox 1953 2458 2072 2494; x_wconf 92' lang='lat' dir='ltr'>cum</span> <span class='ocrx_word' id='word_1_247' title='bbox 2094 2442 2198 2494; x_wconf 94' lang='lat' dir='ltr'>Do-</span> 
     </span>
     <span class='ocr_line' id='line_1_29' title="bbox 308 2524 2256 2593; baseline 0 -18"><span class='ocrx_word' id='word_1_248' title='bbox 308 2524 510 2576; x_wconf 90' lang='lat' dir='ltr'>minum</span> <span class='ocrx_word' id='word_1_249' title='bbox 535 2525 866 2592; x_wconf 84' lang='lat' dir='ltr'>negauerunt.</span> <span class='ocrx_word' id='word_1_250' title='bbox 908 2539 1088 2591; x_wconf 89' lang='lat' dir='ltr'>pacem</span> <span class='ocrx_word' id='word_1_251' title='bbox 1112 2525 1300 2590; x_wconf 89' lang='lat' dir='ltr'>putant</span> <span class='ocrx_word' id='word_1_252' title='bbox 1326 2540 1434 2577; x_wconf 88' lang='lat' dir='ltr'>esse</span> <span class='ocrx_word' id='word_1_253' title='bbox 1460 2541 1616 2592; x_wconf 89' lang='lat' dir='ltr'>quam</span> <span class='ocrx_word' id='word_1_254' title='bbox 1641 2527 1853 2593; x_wconf 88' lang='lat' dir='ltr'>quidam</span> <span class='ocrx_word' id='word_1_255' title='bbox 1889 2528 2060 2580; x_wconf 85' lang='lat' dir='ltr'>uerbis</span> <span class='ocrx_word' id='word_1_256' title='bbox 2098 2528 2197 2581; x_wconf 88' lang='lat' dir='ltr'>fal-</span> <span class='ocrx_word' id='word_1_257' title='bbox 2215 2542 2256 2576; x_wconf 79' lang='lat'>25</span> 
     </span>
     <span class='ocr_line' id='line_1_30' title="bbox 308 2598 2320 2679; baseline 0.002 -17"><span class='ocrx_word' id='word_1_258' title='bbox 308 2610 534 2662; x_wconf 88' lang='lat' dir='ltr'>lentibus</span> <span class='ocrx_word' id='word_1_259' title='bbox 555 2611 839 2662; x_wconf 88' lang='lat' dir='ltr'>uenditant.</span> <span class='ocrx_word' id='word_1_260' title='bbox 869 2625 969 2662; x_wconf 89' lang='lat' dir='ltr'>non</span> <span class='ocrx_word' id='word_1_261' title='bbox 990 2605 1075 2664; x_wconf 81' lang='lat' dir='ltr'>&#39;est</span> <span class='ocrx_word' id='word_1_262' title='bbox 1100 2627 1196 2679; x_wconf 84' lang='lat' dir='ltr'>pax</span> <span class='ocrx_word' id='word_1_263' title='bbox 1223 2611 1315 2663; x_wconf 91' lang='lat' dir='ltr'>illa</span> <span class='ocrx_word' id='word_1_264' title='bbox 1341 2611 1429 2662; x_wconf 89' lang='lat' dir='ltr'>sed</span> <span class='ocrx_word' id='word_1_265' title='bbox 1455 2611 1667 2676; x_wconf 90' lang='lat' dir='ltr'>bellum,</span> <span class='ocrx_word' id='word_1_266' title='bbox 1695 2628 1787 2665; x_wconf 90' lang='lat' dir='ltr'>nec</span> <span class='ocrx_word' id='word_1_267' title='bbox 1813 2613 2054 2666; x_wconf 89' lang='lat' dir='ltr'>ecclesiae</span> <span class='ocrx_word' id='word_1_268' title='bbox 2080 2613 2198 2666; x_wconf 91' lang='lat' dir='ltr'>iun-</span> <span class='ocrx_word' id='word_1_269' title='bbox 2318 2598 2320 2601; x_wconf 18' lang='grc' dir='ltr'>ι</span> 
     </span>
     <span class='ocr_line' id='line_1_31' title="bbox 309 2696 2199 2765; baseline 0.003 -18"><span class='ocrx_word' id='word_1_270' title='bbox 309 2696 453 2763; x_wconf 85' lang='lat' dir='ltr'>gitur</span> <span class='ocrx_word' id='word_1_271' title='bbox 480 2696 567 2762; x_wconf 90' lang='lat' dir='ltr'>qui</span> <span class='ocrx_word' id='word_1_272' title='bbox 594 2696 657 2748; x_wconf 90' lang='lat' dir='ltr'>ab</span> <span class='ocrx_word' id='word_1_273' title='bbox 686 2697 951 2765; x_wconf 84' lang='lat' dir='ltr'>euangelio</span> <span class='ocrx_word' id='word_1_274' title='bbox 979 2698 1262 2765; x_wconf 89' lang='lat' dir='ltr'>separatur.</span> <span class='ocrx_word' id='word_1_275' title='bbox 1313 2697 1438 2763; x_wconf 90' lang='lat' dir='ltr'>quid</span> <span class='ocrx_word' id='word_1_276' title='bbox 1475 2697 1719 2750; x_wconf 89' lang='lat' dir='ltr'>iniuriam</span> <span class='ocrx_word' id='word_1_277' title='bbox 1761 2698 2065 2752; x_wconf 89' lang='lat' dir='ltr'>beneficium</span> <span class='ocrx_word' id='word_1_278' title='bbox 2103 2716 2199 2753; x_wconf 92' lang='lat' dir='ltr'>uo-</span> 
     </span>
    </p>
   </div>
   <div class='ocr_carea' id='block_1_5' title="bbox 482 2866 1838 2921">
    <p class='ocr_par' dir='ltr' id='par_1_5' title="bbox 482 2866 1838 2921">
     <span class='ocr_line' id='line_1_32' title="bbox 482 2866 1838 2921; baseline 0.003 -13"><span class='ocrx_word' id='word_1_279' title='bbox 482 2869 508 2909; x_wconf 73' lang='lat'><strong>9</strong></span> <span class='ocrx_word' id='word_1_280' title='bbox 538 2866 682 2909; x_wconf 86' lang='lat' dir='ltr'>Leuit.</span> <span class='ocrx_word' id='word_1_281' title='bbox 708 2866 746 2919; x_wconf 84' lang='lat'>7,</span> <span class='ocrx_word' id='word_1_282' title='bbox 768 2867 836 2910; x_wconf 89' lang='grc'>20.</span> <span class='ocrx_word' id='word_1_283' title='bbox 928 2868 983 2910; x_wconf 98' lang='grc'>14</span> <span class='ocrx_word' id='word_1_284' title='bbox 1014 2868 1037 2910; x_wconf 90' lang='grc' dir='ltr'><strong>Ι</strong></span> <span class='ocrx_word' id='word_1_285' title='bbox 1058 2867 1154 2912; x_wconf 87' lang='lat' dir='ltr'>Cor.</span> <span class='ocrx_word' id='word_1_286' title='bbox 1178 2868 1245 2919; x_wconf 88' lang='lat'>10,</span> <span class='ocrx_word' id='word_1_287' title='bbox 1266 2868 1333 2911; x_wconf 82' lang='lat'>21.</span> <span class='ocrx_word' id='word_1_288' title='bbox 1428 2868 1480 2911; x_wconf 84' lang='lat'>17</span> <span class='ocrx_word' id='word_1_289' title='bbox 1512 2868 1535 2910; x_wconf 90' lang='grc' dir='ltr'><strong>Ι</strong></span> <span class='ocrx_word' id='word_1_290' title='bbox 1558 2869 1653 2913; x_wconf 89' lang='lat' dir='ltr'>Cor.</span> <span class='ocrx_word' id='word_1_291' title='bbox 1680 2870 1746 2921; x_wconf 90' lang='lat'>11,</span> <span class='ocrx_word' id='word_1_292' title='bbox 1769 2870 1838 2912; x_wconf 85' lang='grc'>27.</span> 
     </span>
    </p>
   </div>
   <div class='ocr_carea' id='block_1_6' title="bbox 311 3009 2325 3642">
    <p class='ocr_par' dir='ltr' id='par_1_6' title="bbox 311 3009 2325 3646">
     <span class='ocr_line' id='line_1_33' title="bbox 398 3009 2198 3067; baseline 0.003 -14"><span class='ocrx_word' id='word_1_293' title='bbox 398 3011 422 3053; x_wconf 95' lang='grc'>1</span> <span class='ocrx_word' id='word_1_294' title='bbox 453 3009 735 3065; x_wconf 83' lang='lat' dir='ltr'>patientiam]</span> <span class='ocrx_word' id='word_1_295' title='bbox 759 3010 1083 3065; x_wconf 84' lang='lat' dir='ltr'>paenitentiam</span> <span class='ocrx_word' id='word_1_296' title='bbox 1105 3011 1151 3055; x_wconf 90' lang='lat' dir='ltr'><em>R</em></span> <span class='ocrx_word' id='word_1_297' title='bbox 1239 3012 1266 3053; x_wconf 97' lang='grc'>2</span> <span class='ocrx_word' id='word_1_298' title='bbox 1288 3011 1590 3066; x_wconf 86' lang='lat' dir='ltr'>peccatoribus</span> <span class='ocrx_word' id='word_1_299' title='bbox 1608 3011 1644 3055; x_wconf 99' lang='lat' dir='ltr'><strong><em>S</em></strong></span> <span class='ocrx_word' id='word_1_300' title='bbox 1657 3012 1824 3057; x_wconf 85' lang='lat' dir='ltr'><em>¹W²R¹</em></span> <span class='ocrx_word' id='word_1_301' title='bbox 1912 3014 2087 3057; x_wconf 84' lang='lat' dir='ltr'>exclusa</span> <span class='ocrx_word' id='word_1_302' title='bbox 2104 3014 2198 3067; x_wconf 89' lang='lat' dir='ltr'>SR,</span> 
     </span>
     <span class='ocr_line' id='line_1_34' title="bbox 311 3083 2200 3142; baseline 0.002 -16"><span class='ocrx_word' id='word_1_303' title='bbox 311 3097 492 3126; x_wconf 81' lang='lat' dir='ltr'>excussa</span> <span class='ocrx_word' id='word_1_304' title='bbox 514 3084 601 3128; x_wconf 85' lang='lat' dir='ltr'>Wv</span> <span class='ocrx_word' id='word_1_305' title='bbox 736 3083 764 3125; x_wconf 90' lang='lat'><strong>3</strong></span> <span class='ocrx_word' id='word_1_306' title='bbox 795 3083 1094 3139; x_wconf 87' lang='lat' dir='ltr'>morientium]</span> <span class='ocrx_word' id='word_1_307' title='bbox 1119 3084 1331 3127; x_wconf 88' lang='lat' dir='ltr'>mortium</span> <span class='ocrx_word' id='word_1_308' title='bbox 1354 3084 1392 3128; x_wconf 90' lang='lat' dir='ltr'><strong><em>S</em></strong></span> <span class='ocrx_word' id='word_1_309' title='bbox 1503 3084 1532 3127; x_wconf 86' lang='lat'>4</span> <span class='ocrx_word' id='word_1_310' title='bbox 1562 3086 1608 3127; x_wconf 89' lang='lat' dir='ltr'>et</span> <span class='ocrx_word' id='word_1_311' title='bbox 1629 3098 1710 3128; x_wconf 83' lang='lat' dir='ltr'>om.</span> <span class='ocrx_word' id='word_1_312' title='bbox 1735 3087 1798 3130; x_wconf 94' lang='lat' dir='ltr'><em>W</em></span> <span class='ocrx_word' id='word_1_313' title='bbox 1882 3085 2113 3142; x_wconf 85' lang='lat' dir='ltr'>profundis</span> <span class='ocrx_word' id='word_1_314' title='bbox 2135 3107 2200 3129; x_wconf 55' lang='lat' dir='ltr'>m*</span> 
     </span>
     <span class='ocr_line' id='line_1_35' title="bbox 318 3140 2115 3212; baseline 0.001 -12"><span class='ocrx_word' id='word_1_315' title='bbox 318 3156 382 3200; x_wconf 94' lang='lat' dir='ltr'><em>W</em></span> <span class='ocrx_word' id='word_1_316' title='bbox 467 3156 494 3197; x_wconf 83' lang='lat'>5</span> <span class='ocrx_word' id='word_1_317' title='bbox 524 3153 668 3197; x_wconf 89' lang='lat' dir='ltr'>zaboli</span> <span class='ocrx_word' id='word_1_318' title='bbox 688 3154 733 3197; x_wconf 87' lang='lat' dir='ltr'><em>R</em></span> <span class='ocrx_word' id='word_1_319' title='bbox 851 3140 954 3197; x_wconf 66' lang='lat' dir='ltr'>dffi‘n</span> <span class='ocrx_word' id='word_1_320' title='bbox 977 3155 1022 3198; x_wconf 98' lang='lat' dir='ltr'><em>R</em></span> <span class='ocrx_word' id='word_1_321' title='bbox 1156 3156 1183 3198; x_wconf 84' lang='lat'>6</span> <span class='ocrx_word' id='word_1_322' title='bbox 1214 3155 1411 3199; x_wconf 87' lang='lat' dir='ltr'>nidorem</span> <span class='ocrx_word' id='word_1_323' title='bbox 1434 3156 1487 3200; x_wconf 74' lang='lat' dir='ltr'>S¹</span> <span class='ocrx_word' id='word_1_324' title='bbox 1577 3157 1603 3199; x_wconf 82' lang='lat'><strong>7</strong></span> <span class='ocrx_word' id='word_1_325' title='bbox 1634 3169 1773 3212; x_wconf 86' lang='lat' dir='ltr'>poena</span> <span class='ocrx_word' id='word_1_326' title='bbox 1795 3159 2045 3201; x_wconf 85' lang='lat' dir='ltr'>eructantes</span> <span class='ocrx_word' id='word_1_327' title='bbox 2069 3157 2115 3202; x_wconf 90' lang='lat' dir='ltr'><em>R</em></span> 
     </span>
     <span class='ocr_line' id='line_1_36' title="bbox 311 3226 2315 3286; baseline 0.001 -16"><span class='ocrx_word' id='word_1_328' title='bbox 311 3227 369 3270; x_wconf 89' lang='lat'>10</span> <span class='ocrx_word' id='word_1_329' title='bbox 400 3226 688 3270; x_wconf 86' lang='lat' dir='ltr'>manducauit</span> <span class='ocrx_word' id='word_1_330' title='bbox 710 3227 755 3270; x_wconf 93' lang='lat' dir='ltr'><em>R</em></span> <span class='ocrx_word' id='word_1_331' title='bbox 843 3226 1034 3271; x_wconf 87' lang='lat' dir='ltr'>animam</span> <span class='ocrx_word' id='word_1_332' title='bbox 1059 3228 1104 3272; x_wconf 87' lang='lat' dir='ltr'><em>R</em></span> <span class='ocrx_word' id='word_1_333' title='bbox 1193 3228 1247 3271; x_wconf 91' lang='grc'>11</span> <span class='ocrx_word' id='word_1_334' title='bbox 1279 3241 1329 3270; x_wconf 83' lang='lat' dir='ltr'>ex</span> <span class='ocrx_word' id='word_1_335' title='bbox 1349 3241 1480 3270; x_wconf 84' lang='lat' dir='ltr'>carne</span> <span class='ocrx_word' id='word_1_336' title='bbox 1503 3227 1672 3280; x_wconf 88' lang='lat' dir='ltr'>SWR,</span> <span class='ocrx_word' id='word_1_337' title='bbox 1697 3241 1873 3271; x_wconf 89' lang='lat' dir='ltr'>carnem</span> <span class='ocrx_word' id='word_1_338' title='bbox 1901 3229 1945 3273; x_wconf 94' lang='lat' dir='ltr'><strong><em>V</em></strong></span> <span class='ocrx_word' id='word_1_339' title='bbox 2048 3229 2102 3272; x_wconf 89' lang='grc'>12</span> <span class='ocrx_word' id='word_1_340' title='bbox 2132 3230 2201 3272; x_wconf 86' lang='lat' dir='ltr'>est</span> <span class='ocrx_word' id='word_1_341' title='bbox 2309 3263 2315 3286; x_wconf 59' lang='lat'>3</span> 
     </span>
     <span class='ocr_line' id='line_1_37' title="bbox 312 3298 2284 3354; baseline 0 -11"><span class='ocrx_word' id='word_1_342' title='bbox 312 3314 395 3343; x_wconf 83' lang='lat' dir='ltr'>om.</span> <span class='ocrx_word' id='word_1_343' title='bbox 420 3301 484 3345; x_wconf 91' lang='lat' dir='ltr'><em>W</em></span> <span class='ocrx_word' id='word_1_344' title='bbox 596 3298 797 3354; x_wconf 86' lang='lat' dir='ltr'>perhibit</span> <span class='ocrx_word' id='word_1_345' title='bbox 818 3300 899 3344; x_wconf 83' lang='lat' dir='ltr'>W¹</span> <span class='ocrx_word' id='word_1_346' title='bbox 1018 3299 1073 3342; x_wconf 87' lang='grc'>13</span> <span class='ocrx_word' id='word_1_347' title='bbox 1102 3301 1299 3343; x_wconf 87' lang='lat' dir='ltr'>testatur</span> <span class='ocrx_word' id='word_1_348' title='bbox 1319 3302 1363 3343; x_wconf 88' lang='lat' dir='ltr'>et</span> <span class='ocrx_word' id='word_1_349' title='bbox 1383 3299 1495 3343; x_wconf 90' lang='lat' dir='ltr'>dicit</span> <span class='ocrx_word' id='word_1_350' title='bbox 1515 3314 1542 3344; x_wconf 81' lang='grc' dir='ltr'><strong><em>υ</em></strong></span> <span class='ocrx_word' id='word_1_351' title='bbox 1674 3302 1729 3345; x_wconf 87' lang='grc'>16</span> <span class='ocrx_word' id='word_1_352' title='bbox 1759 3300 1928 3344; x_wconf 89' lang='lat' dir='ltr'>diaboli</span> <span class='ocrx_word' id='word_1_353' title='bbox 1948 3300 2200 3344; x_wconf 83' lang='lat' dir='ltr'>daemonio·</span> <span class='ocrx_word' id='word_1_354' title='bbox 2282 3308 2284 3311; x_wconf 85' lang='lat'>&#39;</span> 
     </span>
     <span class='ocr_line' id='line_1_38' title="bbox 312 3370 2318 3426; baseline 0.001 -13"><span class='ocrx_word' id='word_1_355' title='bbox 312 3385 411 3413; x_wconf 83' lang='lat' dir='ltr'>rum</span> <span class='ocrx_word' id='word_1_356' title='bbox 433 3371 479 3415; x_wconf 91' lang='lat' dir='ltr'><em>R</em></span> <span class='ocrx_word' id='word_1_357' title='bbox 579 3372 625 3413; x_wconf 88' lang='lat' dir='ltr'>et</span> <span class='ocrx_word' id='word_1_358' title='bbox 644 3370 951 3426; x_wconf 87' lang='lat' dir='ltr'>peruicacibus</span> <span class='ocrx_word' id='word_1_359' title='bbox 972 3384 1054 3415; x_wconf 83' lang='lat' dir='ltr'>om.</span> <span class='ocrx_word' id='word_1_360' title='bbox 1079 3370 1117 3414; x_wconf 88' lang='lat' dir='ltr'><strong><em>S</em></strong></span> <span class='ocrx_word' id='word_1_361' title='bbox 1204 3372 1257 3414; x_wconf 85' lang='lat'>17</span> <span class='ocrx_word' id='word_1_362' title='bbox 1289 3371 1583 3415; x_wconf 90' lang='lat' dir='ltr'>comminatur</span> <span class='ocrx_word' id='word_1_363' title='bbox 1604 3373 1650 3414; x_wconf 85' lang='lat' dir='ltr'>et</span> <span class='ocrx_word' id='word_1_364' title='bbox 1670 3372 1911 3415; x_wconf 80' lang='lat' dir='ltr'>denuntiat</span> <span class='ocrx_word' id='word_1_365' title='bbox 1927 3386 1954 3416; x_wconf 83' lang='lat' dir='ltr'><strong><em>v</em></strong></span> <span class='ocrx_word' id='word_1_366' title='bbox 2032 3372 2085 3415; x_wconf 83' lang='lat'>17</span> <span class='ocrx_word' id='word_1_367' title='bbox 2108 3371 2202 3415; x_wconf 84' lang='lat' dir='ltr'>edi·</span> <span class='ocrx_word' id='word_1_368' title='bbox 2314 3379 2318 3415; x_wconf 74' lang='grc' dir='ltr'>ξ</span> 
     </span>
     <span class='ocr_line' id='line_1_39' title="bbox 313 3441 2202 3499; baseline 0.001 -15"><span class='ocrx_word' id='word_1_369' title='bbox 313 3441 488 3486; x_wconf 86' lang='lat' dir='ltr'>deritR</span> <span class='ocrx_word' id='word_1_370' title='bbox 586 3442 641 3485; x_wconf 90' lang='grc'>18</span> <span class='ocrx_word' id='word_1_371' title='bbox 672 3444 717 3485; x_wconf 87' lang='lat' dir='ltr'>et</span> <span class='ocrx_word' id='word_1_372' title='bbox 739 3441 794 3494; x_wconf 87' lang='lat' dir='ltr'>S,</span> <span class='ocrx_word' id='word_1_373' title='bbox 827 3445 906 3485; x_wconf 90' lang='lat' dir='ltr'>aut</span> <span class='ocrx_word' id='word_1_374' title='bbox 921 3441 1055 3487; x_wconf 85' lang='lat' dir='ltr'>WRv</span> <span class='ocrx_word' id='word_1_375' title='bbox 1152 3443 1206 3485; x_wconf 92' lang='grc'>21</span> <span class='ocrx_word' id='word_1_376' title='bbox 1229 3443 1584 3499; x_wconf 82' lang='lat' dir='ltr'>exhomologesin</span> <span class='ocrx_word' id='word_1_377' title='bbox 1600 3443 1736 3488; x_wconf 82' lang='lat' dir='ltr'>WRv</span> <span class='ocrx_word' id='word_1_378' title='bbox 1833 3443 2012 3488; x_wconf 88' lang='lat' dir='ltr'>factaR</span> <span class='ocrx_word' id='word_1_379' title='bbox 2117 3444 2202 3486; x_wconf 88' lang='lat' dir='ltr'>cri-</span> 
     </span>
     <span class='ocr_line' id='line_1_40' title="bbox 313 3511 2325 3572; baseline 0.001 -17"><span class='ocrx_word' id='word_1_380' title='bbox 313 3512 449 3555; x_wconf 87' lang='lat' dir='ltr'>minis</span> <span class='ocrx_word' id='word_1_381' title='bbox 471 3515 574 3556; x_wconf 89' lang='lat' dir='ltr'>ante</span> <span class='ocrx_word' id='word_1_382' title='bbox 595 3516 834 3569; x_wconf 89' lang='lat' dir='ltr'>purgatam</span> <span class='ocrx_word' id='word_1_383' title='bbox 854 3527 935 3557; x_wconf 85' lang='lat' dir='ltr'>om.</span> <span class='ocrx_word' id='word_1_384' title='bbox 960 3514 1006 3558; x_wconf 94' lang='lat' dir='ltr'><em>R</em></span> <span class='ocrx_word' id='word_1_385' title='bbox 1092 3513 1148 3557; x_wconf 89' lang='grc'>22</span> <span class='ocrx_word' id='word_1_386' title='bbox 1169 3527 1326 3557; x_wconf 91' lang='lat' dir='ltr'>manus</span> <span class='ocrx_word' id='word_1_387' title='bbox 1348 3515 1393 3559; x_wconf 93' lang='lat' dir='ltr'><em>R</em></span> <span class='ocrx_word' id='word_1_388' title='bbox 1494 3516 1598 3558; x_wconf 90' lang='lat' dir='ltr'>ante</span> <span class='ocrx_word' id='word_1_389' title='bbox 1613 3514 1841 3559; x_wconf 86' lang='lat' dir='ltr'>offensam.</span> <span class='ocrx_word' id='word_1_390' title='bbox 1860 3547 1870 3557; x_wconf 90' lang='lat'>.</span> <span class='ocrx_word' id='word_1_391' title='bbox 1889 3548 1901 3559; x_wconf 91' lang='lat'><strong>.</strong></span> <span class='ocrx_word' id='word_1_392' title='bbox 1917 3515 1965 3559; x_wconf 83' lang='lat' dir='ltr'>.l.</span> <span class='ocrx_word' id='word_1_393' title='bbox 1987 3517 2047 3560; x_wconf 78' lang='lat'>25</span> <span class='ocrx_word' id='word_1_394' title='bbox 2067 3527 2201 3570; x_wconf 86' lang='lat' dir='ltr'>nega·</span> <span class='ocrx_word' id='word_1_395' title='bbox 2303 3511 2325 3572; x_wconf 24' lang='lat' dir='ltr'>{f-</span> 
     </span>
     <span class='ocr_line' id='line_1_41' title="bbox 314 3584 2116 3642; baseline 0.002 -16"><span class='ocrx_word' id='word_1_396' title='bbox 314 3585 474 3627; x_wconf 86' lang='lat' dir='ltr'>uerunt</span> <span class='ocrx_word' id='word_1_397' title='bbox 494 3584 619 3627; x_wconf 78' lang='lat' dir='ltr'>inter</span> <span class='ocrx_word' id='word_1_398' title='bbox 638 3585 905 3640; x_wconf 87' lang='lat' dir='ltr'>contemptis</span> <span class='ocrx_word' id='word_1_399' title='bbox 931 3589 974 3629; x_wconf 84' lang='lat' dir='ltr'>et</span> <span class='ocrx_word' id='word_1_400' title='bbox 989 3586 1093 3628; x_wconf 89' lang='lat' dir='ltr'>ante</span> <span class='ocrx_word' id='word_1_401' title='bbox 1118 3585 1144 3629; x_wconf 84' lang='lat' dir='ltr'>l.</span> <span class='ocrx_word' id='word_1_402' title='bbox 1171 3588 1234 3629; x_wconf 79' lang='lat'>20</span> <span class='ocrx_word' id='word_1_403' title='bbox 1258 3586 1518 3641; x_wconf 75' lang='lat' dir='ltr'>interponit</span> <span class='ocrx_word' id='word_1_404' title='bbox 1540 3600 1567 3630; x_wconf 82' lang='lat' dir='ltr'><strong><em>v</em></strong></span> <span class='ocrx_word' id='word_1_405' title='bbox 1720 3587 1945 3642; x_wconf 87' lang='lat' dir='ltr'>placatam</span> <span class='ocrx_word' id='word_1_406' title='bbox 1963 3599 2045 3630; x_wconf 84' lang='lat' dir='ltr'>om.</span> <span class='ocrx_word' id='word_1_407' title='bbox 2069 3585 2116 3630; x_wconf 89' lang='lat' dir='ltr'><em>R</em></span> 
     </span>
    </p>
   </div>
   <div class='ocr_carea' id='block_1_7' title="bbox 313 3640 1956 3714">
    <p class='ocr_par' dir='ltr' id='par_1_7' title="bbox 313 3640 1956 3714">
     <span class='ocr_line' id='line_1_42' title="bbox 313 3640 1956 3714; baseline 0.004 -18"><span class='ocrx_word' id='word_1_408' title='bbox 313 3653 370 3697; x_wconf 87' lang='grc'>23</span> <span class='ocrx_word' id='word_1_409' title='bbox 391 3640 485 3697; x_wconf 67' lang='grc' dir='ltr'>ᾶῖἶὸ</span> <span class='ocrx_word' id='word_1_410' title='bbox 497 3655 543 3700; x_wconf 90' lang='lat' dir='ltr'><em>R</em></span> <span class='ocrx_word' id='word_1_411' title='bbox 628 3656 685 3699; x_wconf 82' lang='lat'>24</span> <span class='ocrx_word' id='word_1_412' title='bbox 705 3656 968 3714; x_wconf 86' lang='lat' dir='ltr'>delinquant</span> <span class='ocrx_word' id='word_1_413' title='bbox 985 3656 1040 3702; x_wconf 84' lang='lat' dir='ltr'>S¹</span> <span class='ocrx_word' id='word_1_414' title='bbox 1136 3658 1192 3701; x_wconf 82' lang='lat'>25</span> <span class='ocrx_word' id='word_1_415' title='bbox 1212 3657 1473 3702; x_wconf 87' lang='lat' dir='ltr'>fallentibus</span> <span class='ocrx_word' id='word_1_416' title='bbox 1491 3658 1539 3711; x_wconf 85' lang='lat' dir='ltr'>S,</span> <span class='ocrx_word' id='word_1_417' title='bbox 1559 3657 1799 3703; x_wconf 85' lang='lat' dir='ltr'>fallacibus</span> <span class='ocrx_word' id='word_1_418' title='bbox 1821 3658 1956 3705; x_wconf 84' lang='lat' dir='ltr'>WRv</span> 
     </span>
    </p>
   </div>
  </div>
 </body>
</html>
