2332 3978
704 258 1000 315 Epistulae
1029 256 1308 301 LXXIIII.
1339 271 1375 301 c.
1405 258 1530 302 3—5.
1941 258 2049 313 803

173 390 265 442 tur
289 388 522 441 innouati
551 388 603 440 et
633 386 938 440 sanctificati
961 385 1268 450 iudicentur,
1296 401 1385 438 cur
1409 402 1510 439 non
1527 387 1582 439 in
1603 386 1833 440 eiusdem
1852 384 2046 438 Christi

179 474 382 528 nomine
417 473 529 526 illic
554 473 605 525 et
629 488 811 525 manus
842 470 1103 538 baptizato
1129 471 1394 537 inponitur
1419 470 1485 523 ad
1513 471 1866 538 accipiendum
1891 471 2045 539 spiri-

181 560 295 611 tum
333 559 585 622 sanctum,
627 572 717 609 cur
749 572 850 610 non
885 556 1063 608 eadem
1099 555 1329 608 eiusdem
1367 556 1610 609 maiestas
1644 557 1864 609 nominis
1899 572 2045 624 prae-

179 643 319 697 ualet
343 643 397 696 in
422 658 605 696 manus
629 641 936 709 inpositione
963 656 1119 708 quam
1143 639 1368 693 ualuisse
1395 641 1710 694 contendunt
1729 642 1783 695 in
1801 642 2048 709 baptismi

139 747 160 777 1⁵
179 727 616 781 sanctificatione?
641 743 764 780 nam
782 727 827 779 si
847 726 1017 793 potest
1041 726 1130 793 qui
1156 726 1298 778 extra
1323 726 1589 779 ecclesiam
1614 728 1766 780 natus
1792 728 2047 794 templum
2071 791 2075 795 Δ

178 813 276 867 Dei
310 813 436 878 fieri,
474 829 564 866 cur
598 828 699 866 non
732 812 896 880 possit
931 827 1084 878 super
1118 812 1375 879 templum
1401 811 1453 864 et
1478 812 1690 878 spiritus
1725 814 1930 866 sanctus
1964 814 2046 866 in-

179 899 362 952 fundi?
397 899 486 966 qui
521 898 659 952 enim
692 897 918 966 peccatis
945 897 1000 950 in
1023 897 1284 964 baptismo
1321 897 1563 964 expositis
1598 898 1942 951 sanctificatus
1969 901 2049 952 est

178 986 229 1038 et
267 985 323 1038 in
359 999 552 1038 nouum
590 984 851 1036 hominem
888 983 1194 1051 spiritaliter
1231 981 1554 1047 reformatus,
1593 983 1660 1035 ad
1696 983 2050 1050 accipiendum

178 1071 419 1139 spiritum
465 1071 702 1123 sanctum
745 1070 958 1123 idoneus
1002 1068 1170 1122 factus
1209 1069 1302 1133 est,
1348 1069 1549 1135 quando
1587 1068 1845 1136 apostolus
1881 1069 2044 1122 dicat:

119 1170 162 1201 ιο
180 1157 495 1224 quotquot
545 1156 611 1208 in
657 1153 918 1208 Christo
967 1154 1293 1222 baptizati
1342 1153 1528 1218 estiS,
1582 1152 1908 1207 Christum
1957 1155 2048 1208 in-

177 1242 434 1296 duistis.
481 1241 571 1309 qui
613 1241 783 1309 potest
825 1240 961 1309 apud
1004 1240 1287 1293 haereticos
1330 1240 1622 1307 baptizatus
1660 1239 1924 1293 Christum
1964 1240 2045 1292 in-

181 1328 349 1392 duere,
378 1328 543 1380 multo
570 1326 739 1395 magis
764 1327 933 1393 potest
960 1326 1202 1393 spiritum
1223 1326 1462 1378 ,sanctum
1482 1341 1635 1392 quem
1649 1324 1881 1379 Christus
1903 1327 2049 1379 misit

178 1414 420 1481 accipere.
446 1406 673 1466 ceterum
700 1413 862 1465 maior
887 1413 985 1465 erit
1012 1412 1256 1465 mittente
1282 1413 1371 1479 qui
1397 1413 1587 1465 missus
1615 1413 1706 1477 est,
1746 1413 1805 1465 ut
1829 1412 2048 1481 incipiat

175 1498 299 1552 foris
319 1500 612 1568 baptizatus
633 1498 896 1552 Christum
923 1499 1131 1566 quidem
1156 1499 1398 1563 induisse,
1428 1498 1517 1551 sed
1540 1500 1778 1551 sanctum
1804 1499 2048 1565 spiritum

114 1605 158 1635 ιε»
176 1601 276 1638 non
307 1586 536 1654 potuisse
573 1585 845 1653 percipere,
885 1585 1032 1652 quasi
1056 1584 1218 1651 possit
1245 1585 1335 1637 aut
1362 1585 1469 1637 sine
1495 1584 1683 1652 spiritu
1708 1583 1939 1637 Christus
1965 1585 2047 1637 in-

177 1672 266 1723 dui
286 1673 377 1724 aut
398 1688 428 1724 a
448 1670 649 1723 Christo
677 1671 890 1739 spiritus
917 1670 1156 1737 separari.
1185 1670 1319 1722 illud
1345 1686 1544 1737 quoque
1568 1670 1819 1737 ineptum,
1847 1671 1906 1723 ut
1928 1687 2047 1723 cum

177 1757 424 1809 natiuitas
469 1757 690 1809 secunda
734 1756 981 1823 spiritalis
1027 1756 1111 1820 sit,
1158 1772 1259 1823 qua
1301 1756 1354 1808 in
1403 1756 1604 1809 Christo
1648 1772 1738 1823 per
1779 1757 2045 1809 lauacrum

175 1843 576 1911 regenerationis
601 1843 877 1906 nascimur,
920 1842 1093 1894 dicant
1118 1842 1252 1908 quod
1277 1842 1440 1908 possit
1467 1842 1580 1908 quis
1607 1843 1742 1908 apud
1766 1842 2048 1895 haereticos

173 1928 479 1995 spiritaliter
497 1928 652 1991 nasci,
680 1928 769 1980 ubi
794 1927 1036 1995 spiritum
1061 1928 1249 1995 negent
1276 1943 1398 1980 esse.
1428 1929 1636 1993 peccata
1662 1928 1799 1979 enim
1826 1943 2047 1996 purgare

109 2029 157 2062 20
174 2015 225 2066 et
261 2014 523 2066 hominem
567 2014 884 2067 sanctificare
929 2029 1061 2080 aqua
1105 2013 1222 2066 sola>
1255 2028 1355 2066 non
1398 2015 1584 2081 potest,
1629 2013 1729 2065 nisi
1773 2013 1959 2066 habeat
1997 2015 2049 2065 et

173 2100 417 2168 spiritum
462 2102 712 2152 sanctum.
760 2115 918 2167 quare
963 2100 1053 2152 aut
1098 2100 1149 2151 et
1189 2099 1430 2166 spiritum
1472 2115 1672 2152 necesse
1716 2101 1794 2152 est
1833 2101 1892 2151 ut
1931 2114 2051 2151 con-

175 2186 356 2238 cedant
390 2200 499 2238 esse
533 2185 644 2238 illic
680 2185 772 2237 ubi
796 2185 1056 2251 baptisma
1082 2200 1190 2237 esse
1217 2185 1410 2248 dicunt,
1452 2186 1543 2237 aut
1568 2201 1659 2237 nec
1684 2186 1944 2252 baptisma
1968 2188 2049 2238 est

175 2272 265 2324 ubi
300 2271 513 2339 spiritus
547 2286 647 2324 non
683 2271 775 2335 est,
813 2271 934 2338 quia
969 2271 1228 2337 baptisma
1254 2286 1360 2322 esse
1387 2271 1494 2323 sine
1521 2271 1708 2339 spiritu
1734 2286 1833 2323 non
1859 2272 2043 2337 potest.

345 2397 400 2440 10
431 2397 527 2441 Gal.
560 2398 601 2450 3,
631 2397 702 2442 27.

262 2513 287 2555 1
308 2511 579 2569 iudicentur]
601 2512 804 2555 dicentur
826 2513 869 2555 Β
1045 2525 1120 2555 cur
1141 2526 1228 2555 non
1250 2525 1331 2555 om.
1356 2511 1560 2567 BLPT;
1582 2526 1670 2555 non
1690 2526 1770 2556 om.
1792 2512 1828 2556 C
1999 2513 2048 2555 in

169 2597 253 2626 om.
278 2583 323 2626 B
494 2573 645 2627 211οῶ
671 2585 712 2628 T
875 2584 930 2627 ad
952 2598 1007 2627 ex
1028 2586 1081 2626 ut
1110 2585 1146 2628 Ο
1316 2584 1343 2626 3
1363 2597 1449 2626 non
1465 2589 1569 2638 post
1589 2583 1780 2626 nominis
1804 2585 1901 2628 eoeh.
1926 2584 1988 2628 Ov

168 2654 321 2697 eadem
344 2668 424 2698 om.
455 2655 492 2699 G
691 2655 886 2698 eiusdem
908 2669 989 2698 om.
1014 2656 1105 2699 BP
1304 2655 1333 2698 4
1353 2656 1547 2698 uoluisse
1576 2655 1631 2700 0¹
1832 2655 1860 2697 5
1882 2654 2046 2698 sancti-

171 2725 427 2769 ficationem
448 2727 493 2769 Β
666 2727 764 2781 quis
794 2727 918 2771 CT²v
1090 2728 1223 2769 natus
1245 2728 1313 2770 est
1334 2727 1379 2769 B
1566 2727 1593 2770 6
1614 2740 1690 2769 cur
1711 2727 1755 2770 P
1774 2740 1808 2770 s.
1831 2727 1859 2770 l.
1881 2740 1937 2770 m.
1959 2729 1990 2771 2

167 2797 199 2840 8
221 2797 490 2841 reformatur
511 2798 556 2840 Β
756 2797 830 2854 ad]
854 2812 930 2841 cur
950 2797 1007 2841 ad
1034 2798 1071 2842 Ο
1089 2812 1165 2841 cur
1185 2812 1219 2842 8.
1242 2799 1270 2841 Ζ.
1474 2798 1500 2841 9
1524 2797 1702 2841 ideneus
1729 2799 1770 2841 T
1961 2797 2043 2852 est]

174 2882 260 2912 non
281 2872 350 2912 est
377 2870 415 2914 Ο
433 2883 522 2913 11011
541 2883 576 2914 s.
599 2871 626 2914 l.
773 2870 962 2928 quando]
985 2885 1085 2914 cum
1110 2872 1151 2915 T
1167 2871 1218 2914 in
1238 2884 1328 2914 ras.
1485 2870 1540 2913 10
1561 2869 1795 2926 quodquod
1823 2870 1989 2915 G¹PT¹

171 2939 393 2982 christum
416 2941 460 2984 B
649 2942 702 2985 11
723 2941 975 2998 baptizatos
999 2943 1040 2985 T
1209 2942 1378 2985 christo
1400 2941 1453 2985 Οι
1641 2941 1695 2984 13
1717 2941 1904 2997 incipias
1933 2941 1989 2985 0¹

177 3010 233 3054 14
253 3010 464 3069 induisse]
489 3012 644 3056 induet
665 3027 709 3057 se
740 3014 776 3058 ο
794 3015 839 3056 et
857 3027 912 3057 ex
932 3014 971 3057 it
1162 2999 1258 3069 siis]
1280 2999 1370 3056 samm
1393 3014 1507 3058 Bcv
1703 3013 1757 3055 15
1777 3011 1928 3055 induit
1956 3011 1993 3055 0

176 3082 230 3125 16
251 3085 331 3126 aut
354 3083 395 3125 T
409 3096 442 3126 8.
467 3084 496 3127 l.
653 3098 678 3127 a
699 3099 781 3129 om.
805 3086 850 3129 P
1007 3084 1191 3142 christo]
1215 3071 1363 3128 sco‘eoe
1383 3070 1462 3140 st‘
1482 3085 1519 3129 Ο
1674 3085 1875 3139 ineptum
1897 3084 1965 3126 est
1987 3083 2047 3134 B,

81 3151 85 3157 ’
173 3153 301 3210 inept
321 3167 420 3210 exp.
446 3154 494 3207 C,
517 3167 650 3210 quam
670 3156 868 3213 ineptum
893 3158 962 3200 est
981 3170 1007 3200 v
1194 3158 1248 3199 ut
1268 3170 1368 3211 exp.
1400 3155 1437 3199 G
1616 3156 1668 3198 17
1692 3155 1792 3211 qua]
1817 3155 1922 3210 quia
1944 3154 1988 3197 Β

175 3225 230 3268 19
251 3225 460 3280 spiritum
485 3260 493 3268 .
514 3258 524 3268 .
544 3258 551 3267 .
577 3227 695 3271 enim
716 3242 797 3272 om.
818 3228 859 3271 T
875 3229 926 3272 in
948 3241 1037 3271 ras.
1153 3229 1320 3283 negant
1336 3227 1493 3271 BCTv
1607 3226 1665 3269 20
1680 3227 1757 3269 alt.
1780 3227 1826 3268 et
1847 3239 1928 3268 om.
1951 3226 1993 3268 T

172 3296 231 3338 21
253 3297 456 3339 sanctum
476 3310 558 3340 om.
586 3298 624 3343 0
792 3313 924 3355 quare
947 3312 985 3341 a.
1008 3301 1054 3342 et
1075 3299 1283 3354 spiritum
1305 3311 1385 3341 om.
1416 3298 1494 3340 ΟΡ
1653 3297 1747 3353 aut]
1772 3298 1920 3339 autem
1942 3296 1986 3339 B

176 3368 221 3409 et
241 3381 342 3424 exp.
371 3369 420 3419 T,
443 3380 525 3411 om.
547 3382 574 3412 v
716 3370 924 3426 spiritum
945 3372 1147 3414 sanctum
1167 3384 1194 3414 v
1332 3372 1382 3412 ut
1402 3382 1484 3412 om.
1514 3368 1575 3413 Gv
1710 3367 1921 3411 concedat
1943 3368 1988 3411 B

172 3438 230 3481 22
250 3439 345 3483 illic
366 3451 459 3483 esse
480 3425 582 3483 soff(
594 3426 695 3496 spffi
715 3441 751 3486 Ο
767 3428 866 3485 εᾶἧῖ
879 3428 979 3498 spru
995 3455 1028 3487 s.
1051 3443 1078 3486 l.
1227 3442 1283 3485 23
1304 3440 1489 3497 spiritus
1513 3440 1691 3482 sanctus
1711 3453 1738 3483 v
1882 3438 2053 3494 spiritu

177 3512 329 3555 sancto
350 3524 375 3554 v

1585 3582 1703 3634 51*
