2332 3978
351 264 468 320 '582
1012 260 1262 307 Caecilii
1299 249 1578 319 Cypriani

360 392 552 447 litteris
587 392 778 447 nostris
803 393 988 462 quibus
1013 407 1107 462 ego
1132 391 1185 445 et
1210 392 1435 461 collegae
1459 392 1564 446 mei
1589 391 1679 460 qui
1702 393 1994 460 praesentes
2019 392 2234 447 aderant
2277 392 2281 395 '

360 478 633 533 referimus
660 479 726 533 ad
749 494 840 532 uos
866 478 1155 534 Celerinum
1193 480 1407 533 fratrem
1446 480 1682 532 nostrum
1717 478 2004 532 uirtutibus
2037 478 2235 547 pariter

362 565 414 618 et
437 564 666 618 moribus
701 565 982 635 gloriosum
1017 567 1148 620 clero
1173 567 1346 620 nostro
1379 580 1480 619 non
1503 564 1731 618 humana
1757 564 2119 635 suffragatione
2143 565 2232 618 sed
2292 618 2294 621 ,

361 650 539 704 diuina
587 651 881 721 dignatione
931 653 1273 706 coniunctum.
1325 651 1414 720 qui
1458 667 1576 704 cum
1619 651 1904 705 consentire
1952 650 2230 718 dubitaret,

361 737 602 791 ecclesiae
633 737 796 806 ipsius
830 739 1097 792 admonitu
1123 740 1175 791 et
1198 739 1405 792 hortatu
1437 739 1494 791 in
1517 738 1714 792 uisione
1747 754 1838 806 per
1871 739 2074 791 noctem
2109 752 2230 791 con·
2246 761 2273 793 13

359 824 540 891 pulsus
567 825 644 877 est
668 841 731 878 ne
756 827 982 895 negaret.
1008 825 1155 879 nobis
1182 825 1518 878 suadentibus
1545 825 1627 877 cui
1651 825 1770 894 plus
1794 824 1946 878 licuit
1974 825 2026 877 et
2045 824 2230 894 coegit,
2304 831 2306 834 ’

360 910 483 977 quia
525 926 618 964 nec
657 911 734 964 fas
774 911 942 965 fuerat
979 927 1071 964 nec
1108 912 1319 965 decebat
1355 912 1464 965 sine
1506 911 1694 965 honore
1738 911 2080 965 ecclesiastico
2123 925 2232 972 esse

361 1013 513 1064 quem
539 997 613 1050 sic
636 998 888 1051 Dominus
913 998 1186 1051 honorauit
1211 999 1443 1052 caelestis
1469 999 1662 1067 gloriae
1687 998 1959 1068 dignitate.
2308 988 2310 991 ⁸

311 1095 342 1145 2
430 1084 531 1137 Hic
574 1085 640 1137 ad
682 1085 924 1151 temporis
967 1085 1131 1138 nostri
1172 1085 1426 1152 proelium
1469 1085 1684 1153 primuS,
1734 1085 1821 1137 hic
1862 1085 1997 1137 inter
2040 1083 2233 1138 Christ-i
2316 1076 2319 1080 ’

360 1168 554 1222 milites
581 1170 959 1238 antesignanus,
996 1171 1081 1223 hic
1105 1171 1241 1224 inter
1263 1171 1632 1238 persecutionis
1656 1171 1809 1223 initia
1833 1169 2089 1223 feruentia
2114 1186 2231 1223 cum
2251 1190 2299 1223 ιο»

358 1255 469 1321 ipso
518 1255 866 1310 infestationis
915 1257 1143 1325 principe
1195 1259 1247 1310 et
1296 1259 1499 1310 auctore
1550 1272 1865 1326 congressuS,
1917 1258 2042 1310 dum
2091 1257 2232 1309 inex·

358 1343 629 1410 pugnabili
662 1343 907 1396 firmitate
944 1344 1238 1397 certaminis
1274 1344 1353 1397 sui
1389 1343 1740 1397 aduersarium
1776 1343 1955 1407 uincit,
1996 1342 2234 1396 uincendi
2324 1342 2332 1389 fi

361 1428 543 1481 ceteris
569 1429 712 1482 uiam
738 1429 878 1494 fecit,
915 1417 1015 1482 non
1039 1430 1186 1483 breui
1213 1431 1489 1497 conpendio
1516 1431 1792 1483 uulnerum
1818 1429 2001 1493 uictor,
2029 1430 2118 1483 sed
2143 1429 2233 1482 ad-

359 1511 689 1565 haerentibus
733 1514 820 1565 diu
862 1515 913 1566 et
949 1514 1367 1580 permanentibus
1410 1515 1584 1581 paenis
1621 1514 1805 1583 longae
1844 1515 2234 1568 conluctationis

358 1598 606 1652 miraculo
640 1599 1002 1666 triumphator.
1046 1616 1136 1667 per
1173 1599 1347 1652 decem
1381 1615 1567 1652 nouem
1603 1600 1712 1653 dies
1748 1601 1982 1654 custodia
2019 1601 2233 1655 carceris
2251 1621 2294 1653 ιε»

359 1687 563 1753 saeptus
607 1686 661 1738 in
698 1700 854 1738 neruo
894 1701 952 1738 ac
990 1685 1123 1738 ferro
1167 1686 1283 1738 fuit.
1336 1686 1424 1738 sed
1467 1686 1632 1753 posito
1669 1687 1724 1738 in
1763 1687 1985 1739 uinculis
2030 1702 2235 1755 corpore

360 1772 558 1824 solutus
583 1788 641 1825 ac
666 1772 798 1825 liber
832 1772 1046 1839 spiritus
1079 1772 1289 1825 mansit.
1331 1787 1443 1824 caro
1479 1772 1633 1825 famis
1660 1789 1717 1826 ac
1743 1774 1858 1826 sitis
1894 1774 2234 1827 diuturnitate

360 1859 639 1923 contabuit,
669 1860 757 1912 sed
778 1860 1006 1912 animam
1026 1859 1128 1913 fide
1147 1862 1198 1912 et
1217 1860 1410 1912 uirtute
1436 1859 1701 1913 uiuentem
1726 1861 2056 1914 nutrimentis
2083 1860 2236 1928 spiri-

358 1945 554 1997 talibus
588 1946 728 1999 Deus
766 1946 927 2013 pauit.
973 1947 1135 2000 iacuit
1169 1947 1304 1999 inter
1337 1962 1526 2013 paenas
1562 1948 1737 2015 paenis
1778 1948 1885 2000 suis
1920 1947 2115 2011 fortior,
2154 1948 2236 2000 in-

360 2031 533 2085 clusus
558 2033 940 2090 includentibus
967 2036 1143 2101 maior,
1170 2036 1339 2090 iacens
1366 2036 1625 2090 stantibus
1653 2036 1850 2100 celsior,
1887 2035 2231 2088 uincientibus
2248 2051 2295 2084 20

358 2116 553 2170 firmior
595 2119 815 2186 uinctus,
869 2123 1138 2175 sublimior
1181 2123 1529 2176 iudicantibus
1573 2122 1847 2187 iudicatUS,
1900 2124 1952 2174 et
1995 2120 2234 2188 quamuis

358 2203 510 2272 ligati
545 2221 700 2258 neruo
733 2209 885 2274 pedes
922 2211 1106 2274 essent,
1145 2209 1379 2278 galeatus
1420 2224 1624 2276 serpens
1661 2210 1713 2261 et
1738 2208 1961 2261 obtritus
1987 2208 2038 2260 et
2065 2208 2235 2261 uictus

361 2290 452 2342 est.
495 2290 668 2344 lucent
701 2293 756 2346 in
782 2309 987 2363 corpore
1024 2295 1243 2364 glorioso
1271 2297 1407 2348 clara
1431 2297 1704 2348 uulnerum
1731 2296 1894 2364 signa,
1933 2295 2158 2346 eminent
2185 2294 2236 2346 et

360 2380 604 2445 apparent
638 2379 692 2431 in
727 2381 899 2433 neruis
937 2381 1158 2434 hominis
1194 2398 1250 2434 ac
1284 2382 1531 2435 membris
1569 2382 1722 2450 longa
1759 2381 1878 2434 tabe
1918 2379 2235 2448 consumptis

360 2477 593 2530 expressa
635 2466 871 2535 uestigia.
920 2469 1040 2521 sunt
1083 2485 1287 2537 magna,
1334 2469 1454 2521 sunt
1497 2469 1630 2522 mira
1678 2485 1806 2535 quae
1851 2467 1912 2520 de
1950 2466 2233 2520 uirtutibus
2251 2479 2296 2512 2⁵

360 2548 468 2600 eius
504 2565 561 2603 ac
586 2551 825 2605 laudibus
862 2553 1158 2607 fraternitas
1193 2555 1384 2607 audiat.
1424 2556 1475 2608 et
1502 2555 1545 2606 si
1572 2555 1760 2621 aliquis
1787 2555 2012 2606 Thomae
2047 2552 2235 2605 similis

362 2636 593 2690 extiterit
627 2640 714 2705 qui
750 2641 920 2693 minus
957 2641 1165 2694 auribus
1204 2642 1393 2705 credat,
1432 2657 1523 2694 nec
1558 2642 1821 2693 oculorum
1858 2639 1982 2692 fides
2009 2639 2150 2692 deest
2175 2638 2235 2690 ut

451 2825 479 2868 4
500 2826 552 2867 ut
573 2825 842 2868 consentiret
869 2825 908 2869 V
1060 2825 1291 2869 dubitaret
1313 2839 1394 2870 om.
1425 2826 1468 2870 V
1622 2826 1649 2869 6
1663 2829 1767 2881 post
1788 2826 1973 2880 negaret
1993 2824 2239 2880 distinquit

360 2895 514 2952 LNQ,
545 2902 653 2951 post
683 2896 971 2941 suadentibus
1001 2898 1155 2943 CPRv
1308 2899 1331 2941 7
1362 2912 1441 2942 nec
1472 2898 1556 2954 fas]
1589 2897 1713 2941 nefas
1741 2897 1778 2942 C
1928 2897 1955 2940 8
1985 2895 2062 2951 qui
2092 2896 2129 2941 Ο

362 2953 455 3011 ᾱῐῐῖ
477 2968 591 3020 σ’Β,
625 2954 729 3011 11ῃῖ
757 2968 813 3014 0²
979 2969 1035 3013 10
1054 2970 1224 3014 milites
1246 2969 1418 3015 christi
1443 2969 1479 3027 Q
1643 2968 1960 3025 antesignanos
1988 2957 2081 3020 GR,
2114 2969 2237 3011 ante-

362 3040 566 3096 signatus
588 3039 825 3096 LNPQV
935 3042 988 3083 11
1011 3041 1362 3085 infestinationis
1379 3042 1424 3087 R
1540 3041 1595 3084 12
1616 3040 1871 3084 aduersario
1895 3041 1951 3085 0¹
2067 3040 2121 3082 13
2142 3038 2235 3082 uic-

362 3112 447 3168 tor]
471 3111 661 3156 uicinior
677 3126 732 3157 eoe
747 3113 886 3156 uicior
912 3114 947 3159 C
1058 3114 1344 3158 haerentibus
1361 3114 1407 3158 P
1521 3113 1575 3156 14
1597 3112 1975 3169 permanentibus]
1999 3111 2234 3154 imminen-

360 3183 485 3227 tibus
508 3197 563 3228 θα)
584 3184 922 3229 admanentibus
951 3186 989 3231 G
1149 3186 1204 3230 15
1224 3186 1604 3242 triumphatorum
1632 3184 1670 3230 Ο
1820 3184 1967 3228 decem
1989 3181 2233 3243 LNPQV,

361 3268 561 3311 praecem
582 3257 627 3299 et
653 3256 702 3312 C,
725 3256 873 3300 decem
894 3259 940 3300 et
961 3257 1033 3302 Rv
1163 3258 1216 3301 17
1240 3258 1408 3301 solutos
1430 3257 1495 3301 L¹
1627 3257 1759 3301 famis
1781 3270 1861 3300 om.
1886 3256 1931 3300 P
2056 3254 2115 3299 20
2133 3254 2235 3298 11111-

362 3327 563 3370 centibus
584 3327 639 3371 N
774 3328 829 3371 21
851 3328 998 3372 uictus
1020 3328 1085 3373 R·
1231 3318 1406 3372 iudicat
1428 3330 1474 3380 Ο,
1497 3319 1774 3373 iudicaturus
1795 3328 1935 3372 LNP
2078 3325 2135 3369 22
2155 3338 2233 3381 ga-

361 3397 507 3442 leatus
530 3399 586 3451 P,
622 3399 815 3443 calcatus
843 3399 1088 3457 GLNQRv
1246 3401 1302 3444 23
1322 3400 1485 3456 lugent
1504 3400 1570 3445 Βι
1723 3399 1909 3443 uulnera
1930 3398 1974 3442 L
2126 3395 2251 3446 emi·,

361 3470 494 3513 nent*
516 3470 560 3513 L
579 3483 623 3513 m
645 3483 760 3514 eras.
890 3471 948 3515 24
970 3473 1154 3527 apparet
1173 3471 1218 3515 R
1331 3472 1481 3515 neruis
1502 3486 1582 3516 om.
1613 3472 1695 3517 GR,
1810 3469 2020 3514 membris
2039 3468 2237 3512 hominis

363 3553 415 3584 ac
444 3540 525 3587 GR
640 3542 696 3586 25
715 3555 879 3599 magna
899 3545 1004 3587 sunt
1033 3543 1068 3588 C
1182 3545 1286 3586 sunt
1307 3545 1351 3586 et
1373 3543 1487 3587 mira
1508 3543 1613 3597 NR,
1636 3545 1682 3587 et
1702 3544 1815 3587 mira
1843 3542 1880 3588 G
