2332 3978
312 283 419 339 812
978 282 1228 328 Caecilii
1258 282 1526 341 Cypriani

310 411 518 479 copulat
559 428 677 466 suos
713 412 921 466 uinculo
957 412 1190 466 unitatis.
1229 412 1364 466 unde
1388 412 1444 466 in
1468 412 1764 466 uniuersam
1797 415 1990 467 terram
2027 414 2191 468 exiuit

302 511 458 549 sonus
506 512 680 551 eorum
716 499 806 566 qui
831 514 862 551 a
886 497 1105 552 Domino
1141 498 1292 552 missi
1326 499 1449 551 sunt
1484 498 1701 552 unitatis
1727 499 1915 567 spiritu
1940 500 2188 554 uelociter

310 584 599 637 currentes:
647 583 781 637 sicut
821 600 847 637 e
885 584 1137 638 contrario
1182 584 1315 636 nihil
1357 583 1565 651 prodest
1609 584 1807 652 aliquos
1844 586 2101 652 proximos
2140 587 2192 639 et

313 668 514 723 iunctos
540 671 641 724 sibi
662 685 770 723 csse
791 670 1102 738 corporibus,
1130 670 1174 722 si
1196 670 1368 723 animo
1389 670 1441 723 et
1461 671 1632 723 mente
1659 669 1958 736 dissideant,
1986 671 2186 739 quando

307 757 526 810 adunari
565 758 766 809 animae
801 756 1008 810 omnino
1042 772 1143 809 non
1179 756 1378 823 possint
1404 771 1532 823 quae
1558 771 1612 809 se
1638 772 1668 809 a
1693 756 1790 809 Dei
1818 757 2017 810 unitate
2045 757 2181 810 diui·
2201 775 2219 804 ⁵

305 843 481 896 serint.
542 859 685 896 ecce
734 843 925 906 enim,
983 841 1170 909 inquit,
1228 841 1337 909 qui
1384 842 1821 911 longinquant
1867 857 1930 894 se
1978 842 2088 895 abs
2125 845 2190 896 te

306 929 490 996 perib
507 931 636 982 unt.
679 930 769 982 sed
803 930 935 981 tales
970 928 1226 981 iudicium
1250 927 1464 981 Domini
1490 943 1581 995 pro
1607 927 1793 981 merito
1820 942 1910 979 suo
1937 927 2186 981 subibunt

307 1016 598 1069 recedentes
625 1031 654 1068 a
681 1015 854 1068 uerbis
900 1014 1009 1067 eius
1056 1014 1144 1081 qui
1188 1016 1390 1082 patrem
1427 1028 1518 1080 pro
1556 1014 1759 1067 unitate
1797 1014 2098 1081 deprecatur
2141 1015 2192 1067 et

309 1101 462 1154 dicit:
512 1102 719 1168 pater,
771 1100 845 1153 da
882 1102 951 1153 ut
989 1099 1297 1167 quomodo
1346 1114 1456 1169 ego
1496 1101 1558 1152 et
1595 1100 1665 1152 tu
1702 1117 1897 1153 unum
1946 1116 2189 1164 sumus,

310 1188 407 1241 sic
444 1189 507 1240 et
542 1183 710 1239 hi'in
748 1187 931 1240 nobis
970 1186 1118 1239 sint.
2055 1234 2058 1238 .
2212 1209 2254 1239 ιο
2329 1201 2332 1242 i

260 1277 292 1326 4
383 1274 490 1326 Nos
529 1289 650 1326 uero
689 1289 748 1326 ea
785 1289 915 1340 quae
951 1289 981 1326 a
1006 1273 1154 1326 uobis
1198 1273 1391 1340 scripta
1430 1273 1550 1326 sunt
1589 1272 1735 1340 quasi
1772 1273 1947 1325 nostra
1985 1272 2193 1340 propria

318 1361 637 1427 suscepimus
652 1375 743 1412 nec
756 1359 811 1412 in
824 1360 1120 1412 transcursu
1138 1359 1378 1428 legimuS,
1402 1359 1490 1411 sed
1511 1375 1660 1426 saepe
1680 1359 1899 1425 repetita
1918 1358 2196 1411 memoriae

316 1446 704 1498 mandauimus:
734 1461 895 1512 neque
922 1446 1067 1498 obest
1093 1446 1316 1498 utilitati
1343 1444 1561 1498 salutari
1581 1446 1672 1497 aut
1694 1445 1868 1497 eadem
1889 1445 2112 1497 retexere
2132 1444 2196 1496 ad

313 1531 713 1585 confirmandam
750 1533 1024 1584 ueritatem
1057 1534 1146 1584 aut
1173 1533 1224 1584 et
1251 1532 1502 1599 quaedam
1529 1531 1712 1584 addere
1739 1531 1804 1583 ad
1831 1530 2194 1584 cumulandam

311 1619 684 1686 probationem.
727 1619 770 1671 si
799 1619 923 1685 quid
963 1620 1138 1671 autem
1164 1634 1193 1670 a
1217 1618 1364 1670 nobis
1401 1618 1639 1671 additum
1665 1616 1839 1680 fuerit,
1875 1632 1974 1669 non
2001 1617 2075 1670 616
2102 1618 2193 1670 611-
2213 1637 2253 1669 15

313 1706 456 1758 ditur
482 1705 628 1771 quasi
655 1720 684 1757 a
704 1704 851 1757 uobis
879 1703 1080 1771 aliquid
1106 1705 1276 1756 minus
1304 1704 1504 1756 1116111111
1533 1704 1621 1768 sit,
1648 1704 1736 1757 sed
1763 1703 2005 1770 quoniam
2032 1718 2196 1755 sermo

315 1790 523 1843 diuinus
567 1790 850 1843 humanam
894 1791 1134 1843 naturam
1173 1790 1560 1859 supergreditur
1596 1806 1687 1842 nec
1727 1790 1897 1856 potest
1934 1790 2105 1841 totum
2146 1790 2196 1841 et

314 1876 603 1945 perfectum
639 1876 812 1928 anima
849 1876 1127 1944 concipere,
1168 1876 1358 1929 idcirco
1397 1878 1448 1928 et
1474 1877 1650 1928 tantus
1688 1877 1766 1928 est
1802 1891 2045 1928 numerus
2080 1889 2197 1942 pro-

320 1964 595 2031 phetarum
621 1963 681 2014 ut
706 1963 983 2030 multiplex
1010 1964 1062 2015 et
1088 1963 1266 2015 diuina
1302 1963 1555 2030 sapientia
1581 1979 1669 2029 per
1696 1963 1888 2015 multos
1916 1961 2198 2014 distribua-

317 2050 419 2102 tur.
461 2049 594 2102 unde
622 2050 672 2101 et
698 2050 865 2101 tacere
905 2049 1219 2117 praecipitur
1258 2050 1425 2117 primo
1460 2050 1515 2101 in
1550 2049 1818 2116 prophetia
1855 2048 2102 2115 loquenti,
2150 2048 2194 2100 si
2216 2068 2256 2100 20

318 2137 539 2190 secundo
578 2136 736 2188 fuerit
774 2137 1079 2189 reuelatum.
1122 2153 1222 2203 qua
1250 2152 1307 2189 ex
1335 2152 1485 2188 causa
1524 2136 1804 2199 necessario
1842 2136 1977 2202 apud
2013 2149 2103 2187 nos
2140 2134 2199 2185 fit

318 2224 377 2275 ut
411 2239 500 2290 per
536 2222 767 2291 singulos
804 2238 960 2275 annos
999 2224 1219 2275 seniores
1257 2223 1306 2274 et
1341 2222 1622 2290 praepositi
1647 2222 1702 2274 in
1727 2238 1888 2274 unum
1929 2220 2199 2274 conuenia-

315 2325 432 2362 mus
469 2310 531 2361 ad
571 2309 884 2375 disponenda
910 2325 968 2360 ea
994 2325 1123 2376 quae
1159 2324 1306 2362 curae
1342 2310 1546 2361 nostrae
1583 2308 1858 2360 commissa
1894 2308 2030 2370 sunt,
2070 2307 2130 2357 ut
2157 2304 2201 2358 si

316 2412 417 2463 qua
457 2396 696 2463 grauiora
734 2396 853 2447 sunt
892 2395 1152 2447 communi
1193 2394 1405 2447 consilio
1446 2395 1755 2462 dirigantur,
1801 2393 1961 2460 lapsis
2001 2406 2199 2459 quoque

314 2482 564 2534 fratribus
611 2483 662 2533 et
705 2482 821 2548 post
871 2482 1135 2533 lauacrum
1186 2481 1410 2533 salutare
1450 2497 1479 2532 a
1518 2480 1721 2532 diabolo
1773 2479 2055 2531 uulneratis
2101 2492 2189 2545 per
2206 2494 2245 2525 25

315 2567 690 2635 paenitentiam
727 2567 951 2619 medella
986 2568 1278 2634 quaeratur,
1315 2582 1414 2618 non
1441 2565 1589 2632 quasi
1616 2582 1646 2617 a
1670 2565 1817 2617 nobis
1844 2563 2198 2616 remissionem

316 2655 644 2721 peccatorum
681 2654 1068 2720 consequantur,
1109 2653 1198 2705 sed
1234 2655 1294 2705 ut
1328 2668 1417 2719 per
1450 2667 1540 2704 nos
1578 2652 1643 2704 ad
1669 2650 2083 2718 intellegentiam
2110 2649 2201 2701 116-

315 2740 561 2792 lictorum
611 2754 821 2792 suorum
868 2740 1235 2792 conuertantur
1285 2740 1336 2791 et
1381 2739 1600 2791 Domino
1651 2737 1853 2805 plenius
1906 2735 2200 2789 satisfacere

316 2826 580 2894 cogantur.
2186 2831 2190 2835 ’

267 2917 296 2966 5
392 2910 642 2975 Quoniam
695 2927 815 2964 uero
866 2912 1068 2980 legatus
1114 2912 1212 2964 iste
1258 2928 1287 2963 a
1331 2911 1478 2964 uobis
1521 2910 1711 2963 missus
1755 2908 1955 2978 regredi
2001 2908 2066 2960 ad
2111 2922 2198 2958 uos
2217 2927 2258 2959 30

318 2997 598 3050 festinabat
626 2998 676 3050 et
701 2997 975 3050 hibernum
1010 2998 1214 3063 tempus
1250 2997 1520 3065 urguebat,
1559 2996 1810 3063 quantum
1845 2994 2108 3062 potuimus
2136 2992 2200 3046 ad

492 3182 519 3225 6
550 3181 625 3224 Ρ6.
660 3181 728 3234 72,
759 3181 828 3224 27.
948 3183 975 3225 9
1006 3183 1067 3225 Io.
1103 3182 1169 3234 17,
1204 3183 1271 3225 21.

410 3340 431 3382 1
456 3338 689 3396 copulatus
721 3353 799 3383 uos
821 3341 881 3383 M
902 3339 1097 3395 (copulat
1129 3352 1228 3382 suos
1253 3339 1308 3397 Q)
1568 3339 1596 3382 2
1619 3338 1675 3382 ad
1704 3324 1810 3382 dffifi
1831 3338 1890 3382 M
1909 3337 1955 3393 (a
1976 3321 2074 3379 <iffi
2090 3333 2144 3390 Q)

318 3413 348 3455 8
369 3412 587 3454 unitatem
617 3413 654 3470 Q
837 3413 863 3455 9
885 3414 936 3455 111
958 3413 1008 3455 Ε
1021 3425 1054 3455 s.
1077 3412 1104 3455 l.
1294 3412 1349 3454 10
1370 3410 1475 3467 sint]
1498 3424 1635 3453 unum
1657 3410 1750 3453 sint
1772 3409 1830 3453 Iv
2004 3406 2059 3451 13
2079 3418 2203 3448 man-

320 3486 478 3529 damus
502 3486 584 3528 EI
745 3485 800 3528 18
822 3484 969 3527 61111116
992 3484 1053 3526 M
1071 3483 1238 3537 (anima
1263 3482 1316 3539 Q)
1474 3482 1527 3524 19
1550 3483 1596 3524 et
1617 3495 1699 3524 om.
1721 3495 1747 3524 v
1902 3479 1959 3522 20
1978 3476 2203 3533 loquenti*

320 3558 362 3601 si
384 3559 441 3610 E,
462 3557 687 3613 loquentis
714 3556 751 3613 Q
924 3555 979 3599 26
1005 3555 1175 3598 medela
1197 3554 1302 3603 EIv
1475 3553 1530 3596 27
1554 3552 1609 3596 ad
1632 3553 1682 3595 E
1697 3566 1730 3596 s.
1754 3553 1784 3596 l.
1805 3566 1860 3595 m.
1883 3553 1917 3595 2
