2332 3978
1550 227 1556 250 Ι

275 293 383 349 542
961 260 1210 339 Caecili-i
1239 292 1508 352 Cypriani

277 438 403 492 quas
445 422 652 476 litteras
696 422 845 491 quasi
887 422 1208 477 moderatius
1252 422 1454 491 aliquid
1496 423 1549 476 et
1584 424 1962 492 temperantius
2006 424 2171 495 fieret,

276 510 638 564 uniuersorum
683 508 1034 563 confessorum
1078 509 1286 562 nomine
1320 509 1579 563 Lucianus
1623 510 1898 578 epistolam
1944 511 2171 580 scripsit,

277 611 378 664 qua
426 610 587 663 paene
637 609 787 648 omne
836 595 1109 649 uinculum
1158 594 1280 648 fidei
1326 595 1378 648 et
1418 595 1579 648 timor
1622 596 1722 649 Dei
1766 596 1819 649 et
1860 597 2172 651 mandatum

274 681 488 736 Domini
533 682 585 735 et
629 681 891 751 euangelii
941 681 1190 735 sanctitas
1237 681 1288 734 et
1329 680 1552 735 firmitas
1603 683 1910 736 solueretur.
1962 682 2172 750 scripsit

275 768 415 822 enim
457 768 692 821 omnium
728 768 935 821 nomine
975 767 1245 821 uniuersos
1285 782 1369 820 eos
1394 783 1576 834 pacem
1602 769 1806 823 dedisse
1832 769 1884 823 et
1907 769 2041 822 hanc
2064 769 2206 822 for-⁵

275 870 417 908 mam
456 869 546 922 per
584 870 668 908 me
707 854 826 907 aliis
867 853 1123 922 episcopis
1166 853 1482 906 innotescere
1523 854 1676 919 uelle,
1722 854 1871 908 cuius
1917 855 2169 923 epistolae

274 940 569 1008 exemplum
588 940 654 993 ad
676 955 768 993 uos
787 939 1070 993 transmisi.
1099 938 1343 992 additum
1369 940 1448 992 est
1472 939 1623 1007 plane
1647 933 1859 1008 ‘quibus
1886 941 2018 994 ratio
2045 955 2168 995 con-

273 1026 471 1080 stiterit
511 1026 638 1094 quid
675 1026 793 1094 post
831 1025 1166 1078 commissum
1204 1016 1440 1094 egerint.’
1480 1041 1610 1093 quae
1636 1041 1716 1079 res
1741 1026 1994 1079 maiorem
2018 1026 2168 1080 nobis

274 1113 462 1166 confiat
501 1113 773 1177 inuidiam,
821 1114 880 1165 ut
918 1127 1010 1165 nos
1050 1128 1169 1165 cum
1208 1111 1536 1180 singulorum
1578 1128 1757 1166 causas
1800 1113 1979 1166 audire
2004 1113 2056 1165 et
2082 1128 2169 1166 ex-

273 1201 445 1253 cutere
481 1199 814 1266 coeperimuS,
854 1199 1127 1252 uideamur
1161 1198 1345 1251 multis
1370 1213 1558 1267 negare
1584 1199 1718 1265 quod
1745 1215 1799 1252 se
1824 1215 1961 1253 nunc
1987 1214 2164 1252 omnes
2183 1214 2224 1246 10

276 1286 473 1339 iactant
499 1302 529 1339 a
554 1284 874 1353 martyribus
901 1285 954 1337 et
979 1283 1353 1337 confessoribus
1381 1285 1652 1353 accepisse.

223 1377 253 1429 3
342 1371 574 1439 Denique
599 1372 754 1424 huius
781 1359 1050 1424 seditionis
1077 1371 1220 1440 origo
1247 1371 1354 1424 iam
1377 1371 1560 1438 coepit.
1588 1387 1810 1439 namque
1829 1372 1883 1424 in
1903 1372 2168 1439 prouincia

270 1458 446 1511 nostra
480 1474 570 1526 per
606 1458 806 1525 aliquot
842 1458 1084 1527 ciuitates
1111 1457 1166 1510 in
1192 1458 1511 1526 praepositos
1546 1458 1774 1526 impetus
1800 1474 1891 1527 per
1914 1448 2164 1512 multitu-

267 1543 443 1596 dinem
478 1544 647 1597 factus
673 1545 767 1608 est,
808 1545 859 1596 et
883 1560 1063 1611 pacem
1098 1560 1252 1611 quam
1280 1545 1438 1597 semel
1463 1545 1663 1598 cunctis
1698 1562 1728 1598 a
1755 1545 2075 1614 martyribus
2103 1546 2156 1599 et

271 1629 648 1683 confessoribus
699 1630 878 1683 datam
929 1630 1274 1684 clamitabant
1324 1630 1598 1684 confestim
1649 1631 1751 1684 sibi
1792 1630 2165 1699 repraesentari
2181 1643 2222 1674 1⁶

270 1719 561 1786 coegerunt,
603 1718 805 1771 territis
843 1719 895 1771 et
923 1719 1154 1771 subactis
1193 1719 1500 1787 praepositis
1536 1719 1643 1771 suis
1690 1719 1779 1786 qui
1815 1719 1881 1772 ad
1916 1719 2162 1771 resisten-

270 1803 395 1856 dum
435 1805 607 1857 minus
635 1805 830 1858 uirtute
856 1805 1018 1858 animi
1046 1806 1097 1858 et
1123 1805 1302 1858 robore
1328 1805 1449 1858 fidei
1474 1806 1862 1872 praeualebant.
1909 1806 2046 1872 apud
2072 1819 2164 1857 nos

270 1890 429 1943 etiam
470 1891 679 1958 quidam
721 1891 1027 1960 turbulenti,
1075 1891 1163 1958 qui
1204 1892 1290 1944 uix
1316 1908 1346 1944 a
1370 1891 1519 1945 nobis
1558 1892 1612 1944 in
1637 1891 1979 1959 praeteritum
2017 1908 2164 1961 rege-

269 1977 460 2030 bantur
486 1978 538 2030 et
563 1977 619 2029 in
644 1978 873 2030 nostram
899 1978 1244 2046 praesentiam
1271 1978 1656 2047 differebantur,
1694 1994 1784 2046 per
1809 1979 1942 2031 hanc
1969 1977 2163 2046 episto-

271 2063 381 2115 lam
417 2063 565 2116 uelut
601 2064 915 2131 quibusdam
952 2064 1151 2116 facibus
1178 2065 1381 2118 accensi
1406 2066 1525 2132 plus
1553 2065 1876 2117 exardescere
1902 2064 1954 2116 et
1978 2079 2159 2131 pacem
2177 2074 2221 2106 20

269 2150 371 2203 sibi
416 2149 594 2203 datam
639 2150 937 2218 extorquere
980 2151 1268 2219 coeperunt.
1310 2151 1373 2204 de
1414 2152 1603 2219 quibus
1646 2151 1822 2219 quales
1863 2151 1929 2203 ad
1968 2151 2165 2204 elerum

356 2351 381 2394 1
403 2350 601 2408 litteras]
625 2351 731 2395 add.
754 2352 879 2408 Ζμυ.·
900 2351 1006 2394 misi
1027 2352 1091 2404 ut,
1116 2351 1226 2395 add.
1247 2365 1298 2395 r.-
1320 2351 1426 2394 misi
1448 2353 1504 2403 et,
1529 2350 1638 2395 add.
1661 2363 1709 2394 z:
1734 2351 1839 2394 misi
1990 2349 2164 2406 aliquid

268 2435 348 2466 om.
373 2424 415 2466 Z
543 2424 835 2480 temperatius
857 2437 894 2476 r,
918 2424 1179 2467 temeratius
1206 2426 1248 2467 Τ
1372 2423 1513 2480 fieret]
1537 2423 1624 2467 iret
1646 2440 1677 2479 μ
1813 2423 1842 2466 2
1865 2422 1983 2466 idem
2002 2422 2164 2466 Lucia-

267 2508 350 2538 nus
372 2509 487 2551 Ζμνυ
509 2496 604 2550 (sed
626 2495 746 2539 idem
769 2509 825 2539 ew
846 2496 894 2539 id
914 2498 984 2539 est
1008 2497 1058 2553 μ)
1203 2496 1251 2539 id
1273 2498 1342 2539 est
1363 2496 1568 2539 lucianus
1592 2508 1669 2538 suo
1694 2495 1872 2540 nomine
1892 2495 1935 2538 Z
2068 2493 2162 2550 epi-

268 2567 432 2610 stolam
455 2581 539 2611 om.
562 2569 606 2611 Z
732 2568 759 2611 3
782 2581 895 2624 quae
921 2570 962 2611 T
1083 2581 1258 2611 omnem
1285 2569 1330 2620 Τ,
1354 2568 1410 2611 ab
1432 2567 1609 2611 homine
1636 2568 1686 2620 V,
1710 2569 1863 2611 sancte
1883 2581 1907 2611 z
2023 2566 2159 2609 timo-

266 2652 359 2682 rem
385 2641 473 2693 TZ,
510 2640 686 2683 timoris
707 2654 731 2684 z
895 2641 924 2685 4
955 2642 1000 2684 et
1030 2641 1269 2697 euangelii]
1308 2640 1536 2696 euangelii
1571 2653 1743 2696 quoque
1764 2653 1789 2684 z
1953 2638 2162 2695 firmitas]

265 2712 529 2755 fraternitas
553 2730 588 2768 φ
755 2712 783 2756 5
805 2713 941 2769 enim]
974 2713 1113 2756 etiam
1133 2726 1159 2757 z
1323 2713 1520 2755 omnium
1541 2726 1623 2757 om.
1646 2726 1672 2756 r
1837 2711 2029 2767 nomine]
2052 2709 2164 2754 moti

265 2784 346 2827 hec
365 2785 452 2840 Ζμ,
490 2785 571 2828 hec
601 2798 626 2828 ‘r
791 2784 1021 2829 uniuersos
1058 2798 1128 2828 eos
1157 2786 1205 2840 Τ,
1246 2784 1467 2828 uniuersis
1500 2798 1573 2829 eos
1603 2785 1826 2840 Zzpqorv:
1859 2783 1918 2838 cf.
1943 2797 1992 2839 2).
2026 2784 2164 2838 534,5

264 2869 355 2912 sqq.
511 2855 706 2899 dedisset
733 2857 780 2909 T,
805 2869 886 2899 om.
911 2873 942 2912 μ
1088 2856 1277 2900 formam
1299 2857 1411 2901 hanc
1434 2857 1477 2900 Z
1628 2857 1655 2900 6
1677 2856 1793 2900 uelle
1815 2869 1898 2900 om.
1926 2856 2131 2911 ΤΖΖμφν
2144 2871 2162 2910 ,-

266 2928 323 2982 εἰ.
348 2928 475 2982 epist.
498 2930 560 2971 23
721 2928 745 2970 7
769 2927 988 2985 additum]
1014 2931 1093 2971 aut
1114 2930 1168 2985 Z,
1192 2931 1343 2973 actum
1365 2942 1423 2985 m·
1578 2930 1648 2973 est
1668 2929 1783 2972 mihi
1805 2946 1840 2984 φ
1988 2927 2041 2972 de
2063 2927 2162 2984 qui-

265 2999 349 3043 bus
371 3013 410 3051 v,
435 2999 562 3042 cuius
584 3000 625 3042 Z
757 2999 785 3042 8
807 3001 1065 3044 ommissum
1088 3017 1123 3056 φ
1258 3002 1446 3058 egerunt
1466 3002 1565 3057 Ζμν
1680 3001 1810 3045 nobis
1832 3001 2043 3044 maiorem
2066 3016 2102 3054 φ

266 3072 294 3114 9
315 3071 382 3128 ut]
407 3073 452 3114 et
472 3072 516 3114 Z
629 3070 849 3115 discutere
869 3072 935 3115 Ze
1051 3072 1107 3116 10
1128 3072 1360 3116 uideamus
1383 3086 1443 3129 pff
1559 3071 1675 3129 quod
1698 3086 1743 3116 se
1764 3085 1847 3116 om.
1870 3072 1914 3116 Z
2024 3071 2158 3128 nunc]

266 3156 354 3186 non
375 3144 419 3186 Z
559 3156 675 3186 nunc
698 3156 850 3187 omnes
871 3157 917 3187 se
937 3157 961 3187 z
1107 3145 1160 3188 13
1181 3145 1350 3201 nostra]
1377 3144 1576 3188 fecerant
1597 3144 1714 3201 quod
1735 3144 1845 3188 add.
1869 3157 1929 3200 m·
2074 3143 2159 3188 ali-

256 3215 383 3271 -quod
411 3216 457 3267 T,
496 3215 669 3270 aliquas
689 3215 766 3270 Za,
802 3228 888 3261 om.
912 3229 970 3272 μα·
1136 3229 1213 3272 per
1250 3216 1610 3273 multitudinem]
1646 3215 1992 3260 multitudinum
2021 3228 2046 3259 z

267 3287 324 3330 14
344 3287 496 3343 quam]
520 3300 655 3343 quam
676 3288 747 3331 uis
777 3288 827 3341 V,
852 3301 986 3344 quam
1008 3287 1082 3331 uix
1104 3288 1326 3332 Latinius
1493 3290 1539 3331 et
1559 3287 1885 3332 confessoribus
1906 3300 1988 3331 om.
2014 3300 2074 3343 μν

267 3359 323 3402 15
343 3358 500 3402 datum
522 3376 554 3415 μ
699 3360 789 3404 sibi
810 3373 894 3405 om.
917 3360 959 3404 Z
1086 3346 1251 3416 ‘putari
1273 3361 1484 3416 ceperunt
1504 3373 1528 3404 z
1673 3359 1728 3403 16
1749 3359 1991 3416 propositis
2018 3360 2059 3402 Τ

267 3430 326 3473 17-
343 3431 491 3474 minus
512 3444 595 3476 om.
617 3445 676 3489 μν
814 3432 869 3475 18
888 3432 1174 3488 regebantur]
1197 3432 1457 3475 reuelantur
1478 3444 1503 3475 z
1637 3432 1692 3475 19
1715 3431 2036 3488 praesentiam]
2060 3445 2158 3477 sen-

265 3502 458 3546 tentiam
478 3503 615 3560 Ζεμφ
782 3504 841 3548 20
860 3504 1004 3561 uelut]
1035 3505 1087 3547 ut
1107 3516 1133 3547 z
1295 3503 1606 3548 excandescere
1627 3504 1670 3547 Z
1831 3503 1877 3547 et
1905 3516 1987 3549 om.
2011 3520 2043 3560 μ

265 3573 321 3616 21
343 3573 432 3617 tibi
453 3575 496 3617 Z
610 3575 766 3632 quales
787 3589 868 3621 om.
892 3577 934 3620 Z
1046 3575 1214 3620 clerum
1235 3577 1438 3620 nostrum
1459 3576 1586 3633 Ζμνυ
