2332 3978
687 259 760 303 De
790 259 995 305 habitu
1025 258 1312 315 uirginum
1343 271 1378 303 c.
1409 258 1543 306 4—6.
1928 247 1931 250 ‚
1959 259 2059 313 191

179 389 230 442 61
271 386 426 440 dicit:
491 387 753 457 caeleps
791 389 1044 459 cogitat
1082 405 1152 442 ea
1197 402 1358 455 quae
1406 388 1554 440 sunt
1591 386 1874 453 Domini,
1915 402 2061 455 quo-

177 473 356 528 modo
393 473 654 541 placeat
690 475 844 528 Deo:
885 475 996 543 qui
1033 474 1245 528 autem
1281 473 1771 526 matrimonium
1809 473 2062 527 contra-

178 559 276 612 xit
336 559 593 628 cogitat
649 575 721 614 ea
768 576 934 628 quae
991 561 1143 615 sunt
1197 558 1420 612 mundi
1473 559 1689 624 huius,
1752 560 2063 628 quomodo

178 645 447 713 placeat
482 646 680 700 uxori.
736 648 829 701 sic
866 648 927 701 et
964 646 1221 700 mulier
1259 645 1321 699 et
1359 645 1545 714 uirgo
1582 644 1856 713 innupta
1892 646 2060 716 cogi-

42 729 44 732 ’
123 757 142 789 5
178 732 277 785 tat
314 746 381 785 ea
418 747 574 800 quae
613 733 762 786 sunt
787 732 1067 797 Domini,
1107 732 1179 785 ut
1215 731 1306 784 sit
1344 730 1570 784 sancta
1606 731 1667 784 et
1704 745 1966 799 corpore
2004 733 2066 785 et

180 817 442 884 spir-itu.
500 818 650 888 uirgo
674 834 774 872 non
800 834 908 873 esse
933 820 1140 873 tantum
1166 818 1255 872 sed
1290 818 1342 871 et
1375 816 1612 886 intellegi
1646 817 1799 870 debet
1825 818 1876 871 et
1901 818 2065 872 credi:

179 918 327 956 nemo
366 919 486 957 cum
520 903 779 974 uirginem
803 904 1023 969 uiderit,
1063 903 1268 957 dubitet
1293 919 1359 957 an
1382 903 1642 972 uirgosit.
1681 917 1858 972 parem
1896 918 1948 955 se
1985 903 2067 955 in-

181 989 402 1058 tegritas
437 989 492 1042 in
527 990 765 1043 omnibus
790 990 1017 1059 praestet
1050 1005 1143 1043 nec
1166 990 1359 1043 bonum
1387 988 1609 1058 corporis
1635 988 1807 1042 cultus
1832 988 2064 1042 infamet.

183 1076 308 1145 quid
351 1077 553 1142 ornata,
593 1077 718 1144 quid
762 1077 969 1145 compta
1012 1076 1269 1144 procedit,
1317 1075 1465 1143 quasi
1489 1075 1740 1129 maritum
1765 1074 1857 1128 aut
1882 1074 2071 1128 habeat

129 1187 169 1218 ιο
184 1163 275 1216 aut
300 1164 547 1230 quaerat?
586 1163 768 1215 timeat
801 1163 974 1230 potius
998 1163 1227 1230 placere,
1268 1162 1313 1214 si
1347 1162 1496 1231 uirgo
1524 1161 1626 1226 est,
1665 1176 1757 1214 nec
1782 1161 2071 1229 periculum

185 1249 266 1302 sui
293 1248 502 1315 adpetat
521 1263 649 1316 quae
675 1248 740 1301 ad
766 1248 981 1302 meliora
1006 1249 1058 1302 et
1083 1248 1262 1301 diuina
1288 1263 1341 1301 36
1367 1248 1557 1301 seruat.
1598 1262 1726 1315 quae
1761 1247 1937 1300 uirum
1970 1261 2072 1300 non

184 1334 356 1398 habet,
402 1334 484 1386 cui
509 1334 710 1403 placere
736 1349 788 1387 se
814 1334 1054 1399 simulet,
1094 1334 1291 1403 integre
1329 1335 1382 1387 et
1417 1349 1544 1401 pure
1581 1348 1681 1386 non
1714 1333 1923 1386 tantum
1960 1347 2072 1387 cor-

184 1419 431 1491 poraliter
455 1419 543 1472 sed
582 1420 634 1472 et
670 1418 976 1487 spiritaliter
1011 1420 1314 1487 perseueret.
1362 1435 1525 1487 neque
1550 1420 1688 1472 enim
1711 1419 1970 1488 uirginem
1995 1419 2073 1472 fas

186 1507 266 1560 est
291 1505 356 1558 ad
381 1505 603 1572 speciem
627 1504 822 1559 formae
848 1520 969 1559 suae
995 1506 1127 1558 comi
1153 1506 1244 1559 aut
1281 1505 1341 1558 de
1368 1520 1515 1558 carne
1541 1505 1593 1558 et
1618 1505 1681 1558 de
1706 1505 1816 1558 eius
1841 1505 2074 1573 pulchri-

129 1614 169 1645 15
188 1592 367 1647 tudine
392 1591 629 1661 gloriari,
670 1606 788 1644 cum
822 1591 968 1644 nulla
993 1591 1063 1644 sit
1087 1591 1194 1644 illis
1219 1590 1389 1660 magis
1415 1607 1573 1659 quam
1598 1591 1843 1644 aduersus
1870 1607 2075 1645 carnem

190 1676 498 1733 conluctatio
526 1678 577 1730 et
602 1677 841 1731 uincendi
865 1677 1088 1746 corporis
1114 1692 1172 1730 ac
1197 1677 1439 1730 domandi
1465 1677 1723 1730 obstinata
1750 1677 1979 1731 certatio

259 1763 455 1818 Paulus
481 1763 604 1816 forti
630 1779 689 1817 ac
715 1763 929 1817 sublimi
954 1778 1076 1817 uoce
1101 1762 1408 1831 proclamat:
1449 1763 1607 1816 mihi
1644 1763 1790 1816 aute
1807 1781 1861 1817 m
1898 1763 2073 1819 absit
2094 1757 2125 1808 θ

191 1850 478 1920 gloriari
514 1849 644 1903 nisi
681 1850 744 1903 in
782 1865 965 1904 cruce
1001 1849 1262 1903 Domini
1300 1849 1421 1902 mei
1458 1850 1604 1902 Iesu
1643 1848 1928 1915 Christi,
1968 1866 2074 1919 per

188 1952 371 2004 quem
406 1935 566 1989 mihi
603 1937 872 1990 mundus
912 1935 1290 1990 crucifixus
1329 1935 1429 1989 est
1466 1936 1531 1989 et
1568 1949 1679 2004 ego
1717 1936 1971 1989 mundo:
2021 1938 2072 1990 61

132 2044 174 2076 20
190 2021 338 2090 uirgo
364 2021 418 2074 in
444 2021 658 2075 ecclesia
692 2022 754 2075 de
795 2021 960 2089 specie
1000 2022 1171 2075 carnis
1215 2037 1275 2075 ac
1317 2021 1378 2074 de
1423 2021 1646 2090 corporis
1687 2021 2072 2089 pulchritudine

189 2107 455 2177 gloriatur.
519 2107 665 2161 addit
703 2107 900 2161 Paulus
955 2108 1007 2160 61
1052 2107 1206 2162 dicit:
1271 2107 1382 2175 qui
1420 2107 1593 2162 enim
1630 2109 1781 2161 sunt
1818 2107 2072 2162 Christi

190 2208 445 2246 carnem
482 2193 969 2247 crucifixerunt
1007 2209 1143 2246 cum
1167 2194 1365 2247 uitiis
1391 2194 1452 2246 61
1478 2194 1872 2261 concupisce
1891 2194 2070 2246 ntiis.

189 2278 241 2330 et
278 2294 404 2345 quae
441 2294 495 2332 se
533 2280 958 2347 concupiscentiis
996 2280 1164 2333 carnis
1192 2281 1243 2334 et
1269 2279 1417 2355 uitiis
1443 2279 1761 2333 renuntiasse
1786 2279 2071 2346 profitetur,

190 2364 244 2416 in
282 2364 447 2418 isdem
485 2365 670 2432 quibus
707 2366 1093 2419 renuntiauerat
1129 2366 1408 2419 inuenitur.
1449 2365 1867 2433 deprehenderiS‚
1907 2365 2071 2434 uirgo,

133 2473 173 2506 25
190 2449 467 2519 detegeris:
522 2450 665 2503 aliud
690 2452 742 2504 te
767 2467 877 2506 esse
902 2452 1066 2505 iactas
1092 2452 1144 2505 et
1169 2451 1313 2505 aliud
1348 2451 1593 2506 adfectas.
1634 2452 1852 2506 maculis
1878 2453 1931 2506 te
1958 2468 2076 2506 con-

354 2609 380 2652 1
410 2608 435 2652 Ι
456 2608 550 2653 Cor.
575 2608 615 2661 7,
636 2607 692 2652 32
713 2621 776 2665 sq.
870 2608 923 2651 17
957 2607 1056 2653 Gal.
1079 2609 1120 2661 6,
1143 2607 1210 2652 14.
1301 2608 1357 2651 21
1389 2608 1486 2652 Gal.
1511 2608 1551 2661 5,
1573 2608 1640 2652 24.

275 2738 301 2780 1
323 2736 448 2793 dicit]
468 2736 595 2781 docet
612 2736 762 2781 dicens
780 2737 866 2782 Wv
945 2736 1086 2793 celeps
1106 2736 1205 2781 SW
1276 2736 1303 2780 3
1323 2736 1458 2780 huius
1480 2749 1562 2780 om.
1580 2751 1607 2781 υ
1685 2737 1898 2792 quomodo
1919 2751 1975 2782 ew
1992 2751 2077 2794 quo

196 2809 329 2854 Wm.
351 2811 384 2853 2
455 2809 484 2853 4
503 2811 630 2866 uirgo
650 2811 696 2853 et
717 2809 877 2852 mulier
896 2823 923 2854 v
1001 2809 1177 2865 cogitat
1198 2822 1249 2852 ea
1273 2811 1372 2852 Ws.
1395 2809 1422 2853 l.
1444 2823 1500 2852 m.
1524 2811 1556 2853 2
1633 2809 1660 2853 5
1681 2823 1732 2853 ea
1753 2824 1833 2854 om.
1852 2810 1900 2853 D
1987 2812 2078 2854 sint

189 2882 366 2924 sanctae
383 2881 448 2925 W
541 2882 568 2925 6
591 2883 636 2924 61
657 2883 777 2937 (post
798 2880 891 2936 sed)
905 2894 986 2925 om.
1005 2881 1068 2925 W
1159 2881 1184 2924 7
1206 2881 1259 2923 ut
1278 2894 1406 2924 nemo
1422 2895 1448 2925 v
1550 2881 1716 2924 uiderit
1734 2883 1778 2935 S,
1796 2881 1919 2926 uidet
1936 2882 2076 2935 W¹D‚

189 2952 308 2997 uidit
326 2955 399 2995 W2
480 2953 648 3010 parem]
670 2953 810 2996 talem
829 2952 868 2998 S
940 2953 967 2996 8
987 2953 1080 3008 1166]
1103 2965 1157 2995 ue
1174 2953 1239 2998 W
1323 2952 1503 3009 bonum]
1526 2953 1689 2996 bonum
1710 2954 1873 2998 mentis
1894 2954 2080 3010 scripsit

191 3025 430 3078 Baluzius,
450 3024 614 3068 bonum
631 3025 700 3068 sui
717 3024 944 3078 Grauiu33
965 3024 1129 3069 bonum
1146 3024 1287 3068 cordis
1304 3025 1380 3068 uel
1395 3025 1557 3068 bonum
1574 3039 1702 3069 suum
1718 3026 1794 3082 (ef.
1818 3026 2004 3070 Tertull.
2025 3026 2080 3069 de

190 3096 310 3153 airy.
326 3096 412 3140 uel.
432 3109 466 3140 e.
486 3100 554 3149 14,
574 3099 648 3140 90.
671 3110 707 3140 e.
725 3099 792 3149 15,
813 3097 896 3152 96)
912 3097 1069 3140 malim
1083 3097 1162 3141 sed
1177 3097 1296 3142 nihil
1311 3097 1585 3141 mutemdum
1695 3098 1750 3141 12
1780 3097 1918 3141 habet
1936 3098 2077 3150 SW¹,

191 3166 360 3211 habent
369 3167 540 3212 DW²v
627 3167 845 3211 simulant
859 3169 983 3221 WD,
1007 3168 1220 3212 simulent
1239 3183 1266 3213 υ
1353 3168 1555 3225 integrae
1570 3169 1766 3225 etlpurae
1782 3168 1908 3213 WDv
1987 3181 2079 3212 cor-

192 3251 296 3294 pore
313 3238 389 3282 sed
409 3239 545 3282 etiam
565 3239 730 3296 spiritu
749 3254 776 3285 v
879 3239 935 3283 13
963 3240 1244 3296 perseuerent
1263 3239 1439 3285 SWDv
1545 3239 1613 3282 fas
1635 3241 1704 3283 est
1724 3239 1947 3295 uirginem
1967 3253 1994 3284 v

194 3309 253 3353 14
273 3309 326 3353 de
348 3322 478 3353 carne
497 3311 544 3354 et
563 3323 645 3356 om.
669 3311 717 3355 D
804 3311 1106 3368 pulcritudine
1125 3310 1275 3357 SWD
1384 3311 1440 3354 15
1470 3310 1542 3354 illi
1561 3310 1747 3366 scripsit
1768 3310 1995 3354 Baluzius

197 3380 252 3424 16
283 3382 348 3438 ac]
372 3382 417 3424 et
432 3381 498 3426 W
626 3382 679 3426 17
712 3381 933 3426 declamat
957 3385 1013 3426 W
1143 3383 1199 3427 18
1229 3396 1402 3426 crucem
1425 3383 1464 3428 S
1591 3382 1679 3425 mei
1702 3380 1756 3434 S,
1786 3370 1858 3424 1111
1885 3380 1995 3426 WD

195 3453 290 3496 111111
308 3453 345 3498 S
427 3454 483 3497 21
514 3453 687 3499 addidit
706 3454 755 3498 D
859 3455 918 3499 22
947 3468 1125 3500 carnem
1146 3469 1272 3499 suam
1287 3456 1391 3501 D2v
1492 3454 1550 3498 23
1579 3452 1862 3497 renunciasse
1883 3452 1950 3506 D3
1982 3465 2079 3497 sae-

189 3525 376 3638 plissime
395 3525 435 3568 ti
456 3530 499 3570 et
519 3526 559 3569 61
572 3530 906 3582 permutantur
925 3528 980 3572 in
999 3527 1047 3573 D
1133 3527 1191 3571 25
1222 3527 1338 3571 aliut
1364 3527 1404 3572 S
1424 3525 1683 3583 saepissime
1703 3529 1756 3569 ut
1769 3525 1948 3580 passim
1970 3526 2079 3581 aput

197 3594 215 3637 i
234 3595 305 3639 lut
392 3610 485 3640 esse
505 3598 551 3640 16
572 3597 648 3642 Dv
