2332 3978
1584 0 1590 9 ²
1621 0 1630 12 ⁸*
1658 0 1695 12 ·“’
1711 0 2004 30 ·“··ἢκἉῑῑ.“λ<”-’<.ῑ;,,,
2022 7 2032 25 ι
2050 4 2069 25 ,.·,
2095 11 2106 23 ν,

1855 30 1988 46 «wm-
2030 28 2051 39 ,Δ

308 275 416 331 314
647 275 890 322 Caecilii
920 275 1189 333 cypriani
1220 276 1282 321 ee
1312 275 1683 322 mortalitate
1713 289 1749 321 ο.
1780 278 1848 322 26.

324 407 498 459 tarum
536 406 882 459 exultantium
925 421 1166 459 numerus
1180 447 1193 471 ,
1241 406 1353 460 illic
1389 406 1678 475 martyrum
1706 406 2097 462 innumerabilis
2122 422 2218 478 po·
2265 418 2277 459 .·

325 493 481 561 pulus
508 492 571 546 ob
599 493 896 546 certaminis
923 494 974 547 et
1005 493 1255 561 passionis
1294 493 1515 563 gloriam
1539 494 1591 547 et
1616 493 1890 547 uictoriam
1928 496 2215 563 coronatus,

326 579 706 647 triumphantes
743 579 972 650 uirgines
1016 595 1145 647 quae
1189 580 1650 647 concupiscentiam
1696 580 1862 634 carnis
1898 581 1950 634 et
1995 582 2218 650 corporis

329 665 671 719 continentiae
696 665 872 719 robore
898 666 1237 735 subegerunt,
1277 666 1589 720 remunerati
1614 666 1968 720 misericordes
1993 667 2083 735 qui
2120 667 2219 721 ali-
2280 679 2284 690 ·

328 751 520 805 mentis
558 752 609 805 et
646 752 1009 822 largitionibus
1046 769 1330 820 pauperum
1375 752 1607 806 iustitiae
1650 767 1803 822 opera
1839 752 2068 807 fecerunt
2082 795 2094 819 ‚
2131 755 2219 822 qui
2249 770 2270 803 5

329 838 587 892 dominica
612 840 882 907 praecepta
910 840 1169 893 seruantes
1196 839 1261 891 ad
1287 838 1529 892 caelestes
1555 839 1818 892 thesauros
1838 840 2040 894 terrena
2058 840 2220 907 patri-

329 924 502 978 monia
520 924 912 978 transtulerunt.
954 927 1019 979 ad
1045 925 1154 990 hos,
1180 924 1370 978 fratres
1397 924 1741 990 dilectissimi,
1769 925 1923 979 auida
1942 926 2223 993 cupiditate
2298 954 2302 963 ·

327 1027 672 1080 properemuS‚
700 1013 759 1064 ut
786 1029 905 1066 cum
931 1011 1012 1064 his
1039 1011 1142 1065 cito
1169 1027 1302 1076 esse,
1330 1012 1390 1064 ut
1416 1011 1517 1065 cito
1537 1011 1603 1065 ad
1623 1011 1887 1065 Christum
1907 1012 2082 1065 uenire
2103 998 2241 1065 con-'
2298 1011 2309 1064 ,ἵ

328 1097 501 1167 tingat
538 1100 786 1166 optemus
839 1099 968 1151 hanc
1005 1098 1371 1167 cogitationem
1408 1099 1639 1151 nostram
1675 1097 1816 1151 Deus
1855 1097 2056 1164 uideat,
2128 1098 2223 1151 hoc
2303 1110 2311 1171 ζ

329 1186 652 1253 propositum
691 1186 880 1238 mentis
908 1187 960 1238 et
985 1185 1104 1238 fidei
1133 1183 1366 1237 Christus
1393 1184 1611 1252 aspiciat
1636 1184 1853 1238 daturus
1881 1184 1954 1237 eis
1981 1184 2223 1237 caritatis
2240 1198 2325 1230 10

332 1286 454 1325 suae
481 1271 733 1340 ampliora
772 1272 1001 1341 praemia
1027 1287 1246 1339 quorum
1273 1272 1408 1325 circa
1434 1287 1487 1324 se
1512 1270 1706 1325 fuerint
1732 1270 1987 1324 desideria
2011 1271 2223 1324 maiora.

415 1446 441 1489 1
472 1458 681 1489 numerus
703 1444 921 1501 gloriosus
933 1444 971 1488 S
976 1463 992 1501 ‚·
1023 1446 1182 1489 malim
1205 1445 1355 1502 ἱρέων
1376 1458 1495 1488 num.
1520 1443 1720 1500 copiosus
1809 1444 1836 1487 2
1866 1443 2059 1500 gloriam
2080 1444 2125 1486 et
2142 1456 2210 1487 om

336 1517 513 1563 OWGv
645 1517 672 1561 3
702 1517 902 1574 uirgines
925 1517 1190 1570 SOWGV,
1221 1517 1318 1561 illic
1339 1517 1535 1573 uirgines
1557 1531 1584 1561 v
1707 1529 1818 1572 quae
1845 1516 1910 1560 W
1927 1528 1961 1558 8.
1985 1515 2012 1558 Ζ.
2035 1529 2090 1558 m.
2114 1518 2144 1559 2

329 1590 651 1634 continentiam
680 1589 722 1634 G
875 1590 903 1634 4
934 1590 1101 1633 roboris
1124 1589 1388 1646 subigerunt
1410 1589 1448 1633 S
1579 1587 1822 1644 alimentis]
1845 1587 2053 1630 lamentis
2081 1587 2146 1631 W

330 1663 358 1707 5
389 1666 434 1707 et
455 1677 536 1707 om.
563 1662 599 1707 S
740 1663 960 1719 iustitiae]
984 1663 1107 1706 iusta.
1134 1663 1199 1707 W
1342 1663 1368 1705 6
1399 1661 1664 1705 thensauros
1682 1660 1806 1713 SW,
1837 1659 2074 1703 thesaurus
2104 1657 2141 1702 Ο

330 1736 356 1778 7
388 1735 484 1792 hos]
508 1736 591 1779 hoc
612 1735 651 1780 S
753 1736 780 1778 8
811 1748 904 1779 esse
923 1735 1143 1791 possimus
1173 1734 1214 1778 G
1300 1734 1327 1777 9
1358 1735 1562 1789 optamus
1601 1733 1664 1776 G¹
1771 1733 1971 1775 nostram
1992 1743 2073 1774 om.
2104 1729 2141 1774 Ο

331 1808 389 1851 10
418 1807 621 1851 dominus
644 1808 837 1851 christus
866 1807 930 1852 Ov
1047 1806 1271 1850 claritatis
1306 1806 1387 1859 W,
1418 1806 1587 1862 gloriae
1619 1818 1646 1848 v
1781 1813 2226 1873 CAECILQYPRIANJ:

332 1893 394 1923 m:
424 1893 755 1924 MORTALITATE
786 1892 1003 1922 EXPLICIT
1035 1879 1279 1934 (EXPLECIT
1317 1877 1372 1935 Ο)
1407 1876 1578 1930 SWO,
1620 1888 1838 1920 EXPLICIT
1873 1887 2033 1919 EPISTL
2073 1886 2226 1918 GEOILI

333 1965 550 1997 cnutum
573 1965 633 1995 DE
656 1963 985 1995 MORTALITATE
1015 1950 1054 1995 G

1131 2368 1473 2386 l
