2332 3978
345 257 449 320 698
929 288 934 293 -
1011 234 1255 303 Caecilii
1280 257 1603 316 Cypriani.

342 385 576 454 perficiat
611 386 666 439 in
702 386 850 440 uobis
889 387 1218 443 confessionis
1255 389 1458 443 uestrae
1493 391 1773 459 gloriosam
1821 407 2099 447 coronamz·
2134 395 2224 463 qui
2273 410 2275 414 ·

344 474 396 526 et
442 473 506 525 ad
554 473 650 525 hoc
696 487 789 526 1108
835 472 1054 528 fortasse
1101 475 1380 541 reuocauit,
1429 491 1493 528 ne
1542 477 1710 546 gloria
1747 480 1883 532 esset
1918 479 2136 545 occulta,
2177 480 2224 534 si
2282 531 2285 533 .

342 558 468 612 foris
517 559 686 613 essent
736 558 1068 613 confessionis
1115 562 1322 615 uestrae
1370 565 1728 618 consummata
1779 565 2047 634 martyria.
2104 582 2253 626 nam>

341 645 559 698 uictima
596 660 726 713 quae
762 645 1079 701 fraternitati
1119 647 1329 714 praebet
1367 649 1659 717 exemplum
1696 651 1749 704 et
1783 650 2000 704 uirtutis
2025 653 2077 705 et
2103 651 2225 705 fidei

339 731 695 800 praesentibus
733 732 885 786 debet
923 732 1171 786 fratribus
1208 734 1465 789 inmolari.
1507 737 1745 804 optamus
1770 737 1840 802 te,
1878 736 2038 791 frater
2063 738 2259 794 caris-⁵
2295 786 2298 788 ,

343 818 489 883 sime,
530 834 732 887 semper
768 819 896 873 bene
935 819 1124 873 ualere.
2292 823 2294 827 ’

792 1061 1412 1154 EPISTVLA
1469 1063 1760 1155 LXII.

341 1246 676 1292 CYPRIANVS
723 1246 1020 1291 IANVARIO
1063 1247 1306 1293 MAXIMO
1353 1221 1620 1294 PROCVLO
1667 1248 1909 1296 VICTORI
1948 1250 2225 1298 MODIANO

494 1318 843 1364 NEMESIANO
873 1318 1164 1365 NAMPVLO
1195 1319 1270 1363 ΕΤ
1301 1319 1626 1365 HONORATO
1658 1315 1995 1366 FRATRIBVS
2025 1323 2067 1367 S.

285 1496 305 1546 l
403 1491 532 1544 Cum
559 1492 783 1545 maximo
810 1492 971 1545 animi
994 1492 1158 1545 nostri
1184 1494 1385 1562 gemitu
1413 1495 1465 1546 et
1490 1508 1590 1547 non
1611 1494 1720 1547 sine
1739 1495 1968 1549 lacrimis
1989 1496 2214 1566 legimus
2245 1517 2290 1550 10
2324 1491 2326 1495 ’

332 1578 537 1631 litteras
576 1579 791 1643 uestraS‚
839 1578 1025 1631 fratres
1070 1580 1343 1643 carissimi,
1388 1596 1515 1647 quas
1560 1581 1625 1633 ad
1670 1596 1761 1633 1108
1804 1598 1895 1648 pro
1929 1582 2224 1636 dilectionis

332 1666 535 1718 uestrae
556 1665 905 1718 sollicitudine
932 1667 993 1718 de
1021 1665 1243 1719 fratrum
1268 1668 1562 1720 nostrorum
1583 1668 1635 1720 61
1657 1682 1888 1720 sororum
1916 1669 2222 1737 captiuitate
2292 1734 2303 1745 Ι

330 1751 544 1804 fecistis,
595 1751 710 1819 quis
749 1752 884 1804 enim
921 1767 1020 1805 non
1056 1753 1225 1806 doleat
1250 1754 1305 1805 in
1330 1753 1582 1806 eiusmodi
1618 1754 1821 1807 casibus
1856 1755 1947 1807 aut
1983 1755 2099 1822 quis
2123 1769 2223 1808 non

333 1838 562 1891 dolorem
588 1837 766 1891 fratris
794 1840 852 1891 ut
878 1854 1030 1891 suum
1057 1839 1323 1907 proprium
1350 1840 1627 1907 computet,
1669 1856 1787 1893 cum
1820 1840 2063 1908 loquatur
2097 1856 2219 1909 apo-

332 1925 498 1977 stolus
554 1924 748 1977 Paulus
813 1926 864 1977 et
921 1924 1084 1978 dicat:
1151 1925 1208 1976 si
1264 1926 1531 1992 patitur
1586 1927 1952 1980 membrum
2006 1944 2279 1992 unum‚1⁵

333 2011 837 2078 compatiuntur
900 2012 960 2064 et
1023 2013 1237 2064 cetera
1297 2013 1614 2065 membra:
1687 2013 1749 2065 et
1805 2013 1860 2065 si
1921 2012 2223 2067 laetatur

332 2097 688 2150 membrum
727 2114 942 2161 unum,
984 2097 1437 2155 collaetantur
1476 2099 1536 2150 et
1575 2098 1791 2152 cetera
1828 2099 2126 2153 membra.
2168 2100 2220 2160 61

333 2183 435 2237 alio
485 2185 612 2248 loce,
671 2183 822 2250 quis
874 2183 1289 2247 infirmatur,
1341 2185 1535 2252 inquit,
1589 2186 1651 2237 et
1700 2200 1816 2253 ego
1865 2200 1983 2237 non
2031 2185 2218 2238 infir-

332 2273 499 2324 mor?
548 2287 703 2338 quare
742 2287 878 2323 nunc
918 2272 969 2322 61
1006 2271 1154 2323 nobis
1181 2270 1461 2338 captiuitas
1487 2270 1710 2324 fratrum
1736 2273 1912 2326 nostra
1938 2272 2215 2338 captiuitas

334 2358 681 2425 computanda
718 2358 796 2411 est
831 2358 883 2411 et
918 2358 1326 2424 periclitantium
1356 2357 1499 2410 dolor
1524 2373 1613 2425 pro
1639 2359 1812 2411 nostro
1838 2358 2009 2411 dolore
2034 2374 2216 2412 nume·
2234 2376 2280 2411 20

334 2445 524 2498 randus
552 2445 644 2509 681,
674 2460 792 2497 cum
820 2444 890 2497 sit
917 2445 1117 2497 scilicet
1152 2445 1480 2497 adunationis
1515 2445 1718 2497 nostrae
1755 2445 1806 2497 et
1842 2460 2024 2511 corpus
2058 2461 2220 2498 unum

335 2533 386 2584 et
411 2546 511 2583 non
537 2531 744 2584 tantum
772 2531 980 2584 dilectio
1008 2532 1096 2584 sed
1124 2532 1175 2583 et
1200 2531 1383 2600 religio
1411 2530 1661 2600 instigare
1687 2545 1778 2583 nos
1806 2531 1988 2599 debeat
2015 2531 2066 2585 et
2103 2546 2222 2584 con-

336 2618 527 2671 fortare
553 2617 617 2671 ad
644 2618 868 2671 fratrum
905 2618 1139 2671 membra
1165 2618 1475 2670 redimenda.

512 2805 565 2847 15
595 2804 618 2847 I
652 2803 746 2848 Cor.
782 2803 850 2855 12,
880 2803 948 2847 26.
1070 2804 1124 2847 18
1154 2803 1201 2846 II
1234 2803 1330 2848 Cor.
1365 2804 1432 2855 11,
1462 2803 1532 2847 29.

426 2979 448 3020 1
472 2977 599 3021 nobis
622 2977 730 3020 LM
747 2976 890 3030 (uobis
920 2975 974 3032 Q)
1150 2978 1325 3019 uestrae
1347 2979 1392 3019 et
1413 2976 1457 3020 L
1646 2976 1674 3019 2
1695 2977 1740 3018 61
1761 2975 1817 3019 ad
1839 2988 1895 3019 eoe
1915 2975 1970 3019 ad
1992 2976 2036 3019 L
2056 2989 2111 3019 m.
2134 2979 2163 3019 :2

336 3050 407 3106 ne]
430 3063 509 3092 1166
529 3049 566 3106 Q
680 3048 707 3091 4
729 3048 924 3103 exemplo
948 3047 985 3104 Q
1005 3048 1271 3104 (exemplum
1289 3049 1365 3104 M)
1475 3048 1610 3104 prius
1631 3049 1677 3090 et
1697 3061 1779 3091 om.
1798 3047 1951 3091 LPM
1967 3047 2086 3103 (each.
2109 3046 2166 3104 Q)

337 3122 365 3165 ξ)
385 3120 697 3177 praesentibus
727 3119 860 3163 debet
887 3119 1123 3176 fratribus]
1155 3122 1387 3176 praesente
1408 3119 1537 3175 plebe
1558 3120 1701 3175 possit
1721 3119 1771 3162 F
1996 3117 2221 3174 inmolari]

336 3193 563 3236 immorari
601 3191 748 3248 PQT,
784 3191 997 3235 celebrari
1026 3191 1077 3234 F
1331 3193 1536 3247 optamus
1566 3223 1574 3231 .
1595 3224 1603 3234 .
1624 3223 1633 3233 .
1664 3190 1815 3234 ualere
1851 3203 1934 3234 om.
1967 3190 2023 3233 L.
2062 3214 2116 3221 -
2152 3188 2223 3232 Ad

337 3265 553 3321 (Explicit
589 3264 645 3307 ad
666 3265 726 3319 P)
764 3263 951 3307 Lucium
982 3263 1035 3307 de
1067 3263 1199 3306 exilio
1236 3277 1461 3307 reuersum
1499 3263 1683 3319 explicit
1718 3262 1929 3319 (explicat
1960 3262 2016 3314 L,
2055 3275 2136 3306 om.
2162 3261 2221 3318 P)

336 3335 571 3393 FLPQT.
595 3361 648 3367 -

423 3407 565 3463 Epist.
598 3407 740 3451 LXII.
779 3432 834 3438 —
870 3406 940 3450 Ad
970 3406 1231 3449 Ianuarium
1268 3408 1316 3449 et
1351 3407 1520 3449 ceteros
1556 3405 1609 3449 de
1647 3405 1841 3462 captiuis
1877 3403 2145 3448 redimendis
2174 3420 2221 3460 μ,

336 3491 419 3522 om.
442 3492 480 3521 r.
504 3503 557 3510 —-
581 3479 635 3522 14
655 3480 708 3522 111
727 3478 906 3534 scripsi,
929 3479 975 3521 et
994 3491 1068 3534 νμ,
1090 3478 1159 3521 sui
1180 3491 1206 3521 v
1379 3478 1434 3521 15
1453 3477 1613 3533 paulus
1635 3476 1863 3533 apostolus
1885 3492 1917 3532 μ
2082 3488 2222 3519 unum

336 3550 581 3594 membrum
604 3564 629 3595 v
758 3551 811 3593 16
832 3552 879 3593 61
900 3551 938 3594 si
960 3567 1006 3607 μ,
1028 3550 1066 3593 si
1086 3563 1137 3605 υς
1160 3551 1206 3592 61
1228 3549 1266 3592 si
1292 3582 1299 3590 .
1320 3582 1329 3592 .
1349 3582 1357 3590 .
1385 3551 1531 3592 cetera
1550 3548 1750 3592 membra
1767 3561 1848 3593 om.
1872 3561 1899 3591 r
2024 3546 2080 3590 18
2101 3546 2219 3603 quis]

336 3620 437 3676 quis
458 3635 545 3664 non
567 3635 592 3665 r
750 3634 836 3664 non
857 3635 938 3677 ego
960 3635 987 3667 v
1146 3621 1201 3664 21
1224 3623 1269 3664 61
1289 3621 1461 3677 corpus]
1484 3634 1640 3677 corpus
1662 3634 1690 3665 v
1847 3619 1903 3662 22
1924 3617 2166 3662 confortari
2187 3633 2220 3674 μ
