2332 3978
666 240 960 296 Epistulae
990 241 1239 285 LXXIII.
1272 255 1305 285 c.
1341 242 1521 286 18—19.
1926 246 2029 299 793

10 350 73 445 223
157 369 373 424 terrenis
396 408 398 410 ψ
420 385 480 423 ac
511 369 867 422 saecularibus
918 370 1121 423 discant
1162 371 1214 422 et
1255 371 1421 424 sciant
1464 370 1727 425 Christum
1769 389 1871 426 non
1913 373 2026 426 sine

4 454 24 522 ¹}
44 459 65 527 j
159 456 383 510 maxima
408 455 793 523 exprobratione
818 455 1071 522 posuisse:
1104 454 1244 507 filii
1270 457 1520 509 saeculi
1544 457 1735 510 huius
1760 458 2028 524 pruden-

41 552 45 560 ’
158 542 361 595 tiores
397 542 548 594 sunt
583 541 754 593 filiis
791 540 981 593 lucis.
1020 541 1076 593 in
1112 541 1314 594 saeculo
1353 541 1454 594 isto
1490 542 1535 595 si
1572 543 1715 595 cuius
1751 544 1889 611 patri
1930 543 2028 596 ali—

159 627 272 694 quis
307 627 594 679 conuicium
629 625 822 690 fecerit,
859 626 903 678 si
929 625 1328 679 contumeliosus
1355 642 1414 679 ac
1438 641 1621 693 procax
1645 628 1892 695 pudorem
1918 628 2028 681 eius

14 718 54 758 ⁴2>
122 733 142 764 ε,
159 713 211 765 et
250 712 493 765 honorem
528 692 783 765 ‘maledico
829 725 914 764 ore
957 711 1275 774 lacerauerit,
1319 711 1620 779 indignatur
1662 711 1802 765 filius
1839 714 1891 766 et
1923 713 2029 767 ira-

21 787 37 790 “
156 798 316 851 scitur
353 798 403 850 et
441 797 569 850 laesi
605 797 768 864 patris
807 796 1054 849 iniuriam
1093 796 1279 863 quibus
1320 797 1488 863 potest
1526 797 1724 851 uiribus
1760 798 2022 852 uindicare

155 884 378 937 conatur.
426 885 486 936 tu
524 880 788 935 Christum
831 884 983 949 putas
1026 882 1203 949 impiis
1248 883 1300 935 et
1337 882 1602 951 sacrilegis
1641 884 1692 936 et
1729 883 1784 935 in
1822 885 2024 950 patrem

154 985 305 1023 suum
342 968 659 1036 blasphemis
695 967 1043 1035 inpunitatem
1080 969 1200 1020 dare
1236 969 1288 1020 et
1324 968 1396 1020 eis
1431 968 1484 1020 in
1519 968 1774 1034 baptismo
1815 969 2026 1035 peccata

24 1101 25 1104 ,
153 1055 415 1107 dimittere
464 1068 590 1120 quos
640 1054 837 1106 constet
886 1054 1170 1121 baptizatos
1223 1054 1402 1106 eadem
1453 1052 1619 1106 adhuc
1663 1054 1716 1106 in
1757 1068 2026 1120 personam

98 1158 139 1190 ιο
152 1139 318 1209 patris
365 1139 645 1192 maledicta
693 1153 978 1207 congerere,
1028 1127 1323 1192 incessabili
1366 1138 1771 1205 blasphemantis
1816 1139 2025 1206 linguae

153 1226 338 1280 scelere
364 1228 606 1294 peccare?
630 1224 726 1278 hoc
751 1225 1076 1289 christianus,
1104 1225 1199 1277 hoc
1219 1225 1315 1277 Dei
1343 1240 1520 1277 seruus
1546 1225 1716 1292 potest
1743 1225 1834 1277 aut
1854 1224 2025 1277 mente

152 1312 409 1379 concipere
447 1311 537 1364 aut
575 1310 676 1364 fide
713 1311 912 1364 credere
951 1312 1041 1363 aut
1080 1325 1310 1363 sermone
1349 1311 1610 1377 proferre?
1659 1311 1711 1362 et
1748 1310 1838 1363 ubi
1876 1311 2026 1363 erunt

150 1397 284 1466 legis
343 1398 615 1464 praecepta
677 1397 855 1449 diuina
910 1413 1039 1464 quae
1095 1397 1300 1450 dicunt:
1364 1398 1595 1450 honora
1657 1397 1904 1464 patrem
1960 1397 2022 1450 et

8 1546 13 1552 ι
149 1484 454 1536 matrem?
491 1483 593 1536 nisi
634 1483 680 1536 si
718 1483 1030 1535 uocabulum
1073 1483 1236 1549 patris
1277 1484 1412 1550 quod
1448 1485 1505 1535 in
1541 1483 1747 1535 homine
1785 1481 2024 1535 honorari

93 1587 133 1619 ιε
148 1568 465 1637 praecipitur
498 1568 553 1620 in
578 1568 685 1621 Deo
723 1569 914 1635 inpune
952 1569 1193 1621 uiolatur.
1233 1569 1322 1621 ubi
1358 1569 1458 1622 erit
1493 1568 1627 1636 quod
1652 1568 1760 1635 ipse
1787 1567 2024 1621 Christus

18 1644 19 1647 ¹
147 1655 203 1707 in
252 1655 516 1724 euangelio
566 1655 711 1723 ponit
752 1656 804 1707 et
847 1655 1000 1708 dicit:
1059 1656 1167 1722 qui
1218 1655 1639 1708 maledixerit
1687 1655 1861 1722 patri
1912 1655 2025 1706 aut

148 1740 364 1804 matri,
400 1741 601 1793 morte
626 1741 979 1793 moriatur?
1018 1741 1118 1793 nisi
1145 1741 1190 1792 si
1215 1741 1260 1793 is
1285 1741 1374 1808 qui
1401 1741 1766 1794 maledicentes
1792 1740 2021 1807 parenti-

4 1871 7 1874 ,
147 1827 244 1879 bus
279 1826 569 1879 carnalibus
603 1826 776 1892 puniri
812 1827 864 1879 et
895 1826 1114 1879 interfici
1150 1827 1377 1890 mandat,
1414 1827 1469 1879 in
1494 1827 1764 1879 caelestem
1790 1828 1841 1878 et
1869 1826 2022 1892 spiri-

0 1907 11 1984 ξ
146 1913 305 1965 talem
353 1912 552 1980 patrem
595 1913 872 1965 maledicos
916 1913 1079 1980 adque
1122 1914 1362 1966 ecclesiae
1406 1913 1588 1965 matris
1631 1913 1865 1964 inimicos
1909 1912 2018 1979 ipse

6 1987 11 1999 ”
87 2017 133 2050 20
147 1997 398 2050 uiuificat.
439 1998 715 2051 execranda
748 2014 807 2051 ac
842 1999 1145 2051 detestanda
1179 2015 1256 2051 res
1286 2015 1315 2051 a
1341 1999 1648 2066 quibusdam
1684 2013 1889 2065 prorsus
1925 1998 2017 2051 ad-

148 2083 351 2147 seritur,
379 2085 438 2135 ut
458 2083 502 2135 is
526 2083 615 2150 qui
640 2099 758 2136 eum
786 2084 829 2137 si
857 2084 944 2150 qui
970 2084 1024 2136 in
1047 2084 1289 2152 spiritum
1316 2086 1551 2137 sanctum
1581 2084 2019 2151 blasphemauerit

318 2261 345 2304 2
375 2260 480 2304 Luc.
515 2255 582 2313 16,
613 2262 655 2305 8.
777 2261 830 2304 13
860 2261 933 2304 Ex.
967 2261 1036 2313 20,
1069 2262 1136 2304 12.
1257 2262 1310 2305 16
1341 2261 1506 2305 Matth.
1539 2262 1605 2313 15,
1636 2261 1676 2304 4.

231 2424 258 2466 2
280 2423 589 2480 exprobatione
615 2426 657 2468 T
797 2424 995 2480 potuisse
1016 2426 1061 2468 Β
1197 2424 1262 2467 fili
1290 2426 1330 2468 T
1469 2427 1497 2468 3
1518 2425 1610 2468 sint
1633 2426 1675 2468 L
1810 2425 1895 2468 filii
1917 2425 1961 2467 Β

142 2495 285 2552 cuius]
310 2495 454 2539 cuiuis
476 2496 531 2539 N
704 2496 734 2539 4
755 2509 805 2539 ac
825 2509 989 2552 propax
1011 2496 1064 2539 C·
1077 2529 1087 2548 ‚
1110 2496 1166 2539 ad
1185 2496 1512 2552 prouocandum
1534 2497 1580 2539 B
1761 2496 1788 2540 5
1810 2496 2018 2539 honorem

145 2567 240 2610 eius
262 2567 305 2610 L
489 2567 726 2611 maledicto
748 2567 936 2611 BLNP
1122 2568 1150 2611 6
1171 2567 1402 2623 iniuriam]
1425 2567 1537 2611 iram
1560 2568 1605 2611 Β
1794 2569 1942 2623 potest
1962 2580 2020 2610 em

143 2638 290 2694 patris
311 2639 368 2690 L,
390 2637 504 2682 libet
525 2638 563 2683 G
767 2638 955 2694 uiribus]
980 2639 1121 2682 modis
1145 2639 1181 2683 G
1394 2639 1612 2682 *indicare
1635 2639 1699 2683 L¹
1920 2639 1944 2682 7
1966 2640 2020 2682 tu

144 2724 226 2754 om.
251 2711 296 2754 Β
513 2710 561 2753 111
583 2723 665 2754 om.
689 2710 734 2754 Β
962 2711 990 2754 8
1011 2711 1288 2766 inpunitates
1312 2712 1357 2755 Β
1578 2713 1622 2754 et
1644 2711 1709 2755 eis
1730 2711 1794 2768 in]
1819 2712 1864 2754 et
1883 2711 1932 2754 in
1954 2711 2019 2754 eis

142 2784 190 2825 et
211 2783 256 2826 Β
428 2783 455 2826 9
475 2782 599 2839 quos]
622 2782 738 2838 quod
759 2782 796 2826 G
966 2783 1154 2840 constet]
1178 2797 1278 2826 cum
1298 2783 1506 2827 conderet
1527 2783 1564 2828 C
1583 2796 1682 2826 cum
1701 2796 1732 2827 s.
1756 2784 1783 2826 l.
1808 2787 1850 2827 et
1870 2782 1899 2826 d
1920 2796 1975 2826 ex
1996 2784 2019 2824 t

144 2867 257 2898 corr.
444 2854 698 2910 baptizatus
719 2854 758 2899 0
942 2868 1126 2910 persona
1152 2855 1190 2899 C
1375 2856 1431 2898 10
1450 2855 1734 2898 maledictam
1757 2854 1794 2898 C'
1974 2856 2019 2897 et

142 2924 401 2968 incessabili
422 2925 580 2970 BCNv
782 2927 938 2983 lingua
959 2927 1013 2970 0¹
1030 2927 1071 2970 T
1275 2928 1328 2970 11
1349 2929 1395 2971 et
1416 2927 1577 2971 scelere
1600 2927 1638 2971 G
1842 2939 2018 2982 peccare

142 3009 225 3041 om.
249 2997 296 3042 Β
491 2998 758 3044 christianos
780 3000 835 3044 Ο·
1031 2993 1127 3043 'aut
1156 3001 1197 3043 Τ
1213 3012 1238 3042 a
1258 2999 1311 3043 in
1330 2987 1438 3055 riis„
1461 3000 1514 3042 ut
1535 2999 1600 3042 L¹
1810 2998 1865 3042 12
1886 2999 1965 3040 aut
1985 2996 2017 3040 f.

141 3067 317 3112 credere
337 3082 419 3112 om.
446 3069 492 3113 Β
704 3071 900 3127 proferre
921 3071 958 3115 Ο
975 3085 1008 3115 8.
1033 3072 1060 3115 l.
1273 3072 1401 3115 erant
1426 3072 1468 3115 T
1474 3076 1484 3098 ¹
1709 3070 1764 3113 13
1783 3070 1905 3125 leges
1927 3069 1964 3113 C

141 3138 320 3183 diuinae
340 3136 403 3184 Cv
566 3142 622 3186 14
641 3143 730 3186 nisi
749 3143 804 3200 si]
827 3143 917 3186 nisi
942 3144 984 3187 Τ
991 3147 1022 3195 ¹,
1044 3142 1084 3186 si
1109 3144 1197 3188 T²v
1356 3143 1410 3186 15
1430 3143 1478 3186 in
1497 3156 1579 3186 om.
1602 3142 1646 3185 B
1805 3140 2013 3195 uiolatur]

142 3211 346 3254 uideatur
367 3211 412 3255 B
614 3213 666 3257 17
686 3214 904 3258 morietur
925 3215 971 3258 P
1160 3214 1248 3258 nisi
1269 3214 1324 3271 si]
1347 3214 1437 3257 nisi
1457 3214 1513 3267 B,
1537 3213 1577 3256 si
1603 3215 1690 3258 T²v
1879 3211 2016 3254 male-

138 3281 393 3326 dicentibus
415 3284 461 3328 P
632 3285 687 3328 18
707 3285 961 3329 carnalibus
981 3298 1065 3330 om.
1087 3286 1134 3331 P
1302 3284 1471 3342 puniri]
1493 3284 1646 3340 poneri
1666 3297 1722 3326 ex
1741 3295 1900 3339 ponere
1922 3282 1959 3326 Ο

64 3405 68 3408 ,
140 3353 201 3397 20
219 3365 269 3398 ac
290 3353 329 3398 Ο
343 3367 376 3398 s.
400 3354 428 3398 l.
579 3355 636 3399 21
657 3369 756 3401 eum
777 3357 818 3400 si
837 3357 929 3414 qui]
953 3370 1052 3400 eum
1073 3359 1112 3401 si
1134 3357 1245 3420 quis
1261 3358 1309 3409 T,
1332 3369 1431 3400 eum
1451 3355 1542 3398 nisi
1562 3355 1619 3407 B,
1640 3368 1721 3398 om.
1750 3354 1812 3399 Gv
1965 3353 2014 3397 in

141 3431 222 3469 om.
252 3426 336 3470 OT
587 3426 967 3483 blasphemantem
988 3429 1047 3474 C'2
1309 3427 1690 3484 blasphemantem
1722 3425 1770 3469 in
1800 3425 2012 3482 spiritum

141 3498 343 3540 sanctum
363 3511 390 3542 v
