<?xml version="1.0" encoding="UTF-8"?>
<!DOCTYPE html PUBLIC "-//W3C//DTD XHTML 1.0 Transitional//EN"
    "http://www.w3.org/TR/xhtml1/DTD/xhtml1-transitional.dtd">
<html xmlns="http://www.w3.org/1999/xhtml" xml:lang="en" lang="en">
 <head>
  <title>
</title>
<meta http-equiv="Content-Type" content="text/html;charset=utf-8" />
  <meta name='ocr-system' content='tesseract 3.04.00' />
  <meta name='ocr-capabilities' content='ocr_page ocr_carea ocr_par ocr_line ocrx_word'/>
</head>
<body>
  <div class='ocr_page' id='page_1' title='image "./sthascicaecilicy03cypruoft_0684.png"; bbox 0 0 2332 3978; ppageno 0'>
   <div class='ocr_carea' id='block_1_1' title="bbox 1900 0 2332 1205">
    <p class='ocr_par' dir='ltr' id='par_1_1' title="bbox 1900 0 2332 1205">
     <span class='ocr_line' id='line_1_1' title="bbox 1900 0 2332 528; baseline 0 0"><span class='ocrx_word' id='word_1_1' title='bbox 1900 0 2332 528; x_wconf 95' lang='lat' dir='ltr'>  </span> 
     </span>
     <span class='ocr_line' id='line_1_2' title="bbox 2252 528 2332 1205; baseline 0.325 -23"><span class='ocrx_word' id='word_1_2' title='bbox 2252 528 2332 1205; x_wconf 95' lang='lat' dir='ltr'>    </span> 
     </span>
    </p>
   </div>
   <div class='ocr_carea' id='block_1_2' title="bbox 334 236 1593 329">
    <p class='ocr_par' dir='ltr' id='par_1_2' title="bbox 334 236 1593 329">
     <span class='ocr_line' id='line_1_3' title="bbox 334 236 1593 329; baseline -0.01 -1"><span class='ocrx_word' id='word_1_3' title='bbox 334 273 443 328; x_wconf 82' lang='grc'>670</span> <span class='ocrx_word' id='word_1_4' title='bbox 763 266 766 271; x_wconf 69' lang='grc'><strong>’</strong></span> <span class='ocrx_word' id='word_1_5' title='bbox 998 269 1247 317; x_wconf 73' lang='lat' dir='ltr'><strong>Caecilii</strong></span> <span class='ocrx_word' id='word_1_6' title='bbox 1286 236 1593 329; x_wconf 60' lang='lat' dir='ltr'>Cypriani</span> 
     </span>
    </p>
   </div>
   <div class='ocr_carea' id='block_1_3' title="bbox 242 400 2332 2460">
    <p class='ocr_par' dir='ltr' id='par_1_3' title="bbox 242 400 2332 2460">
     <span class='ocr_line' id='line_1_4' title="bbox 328 400 2277 472; baseline 0.002 -16"><span class='ocrx_word' id='word_1_7' title='bbox 328 402 488 456; x_wconf 83' lang='lat' dir='ltr'>dicit:</span> <span class='ocrx_word' id='word_1_8' title='bbox 535 402 886 472; x_wconf 86' lang='lat' dir='ltr'>progenies</span> <span class='ocrx_word' id='word_1_9' title='bbox 935 400 1334 470; x_wconf 76' lang='lat' dir='ltr'>uiperamm,</span> <span class='ocrx_word' id='word_1_10' title='bbox 1385 402 1696 469; x_wconf 89' lang='lat' dir='ltr'>quomodo</span> <span class='ocrx_word' id='word_1_11' title='bbox 1732 404 2019 471; x_wconf 84' lang='lat' dir='ltr'>potestis</span> <span class='ocrx_word' id='word_1_12' title='bbox 2055 404 2219 459; x_wconf 81' lang='lat' dir='ltr'>bona</span> <span class='ocrx_word' id='word_1_13' title='bbox 2263 408 2277 447; x_wconf 70' lang='grc' dir='ltr'>ἵ</span> 
     </span>
     <span class='ocr_line' id='line_1_5' title="bbox 331 483 2285 556; baseline 0.002 -16"><span class='ocrx_word' id='word_1_14' title='bbox 331 487 539 555; x_wconf 87' lang='lat' dir='ltr'>loqui,</span> <span class='ocrx_word' id='word_1_15' title='bbox 587 503 726 541; x_wconf 91' lang='lat' dir='ltr'>cum</span> <span class='ocrx_word' id='word_1_16' title='bbox 766 488 920 541; x_wconf 87' lang='lat' dir='ltr'>sitis</span> <span class='ocrx_word' id='word_1_17' title='bbox 957 490 1262 556; x_wconf 78' lang='lat' dir='ltr'>nequam?</span> <span class='ocrx_word' id='word_1_18' title='bbox 1311 488 1384 541; x_wconf 89' lang='lat' dir='ltr'>de</span> <span class='ocrx_word' id='word_1_19' title='bbox 1421 488 1832 543; x_wconf 82' lang='lat' dir='ltr'>abundantia</span> <span class='ocrx_word' id='word_1_20' title='bbox 1869 490 2046 543; x_wconf 88' lang='lat' dir='ltr'>enim</span> <span class='ocrx_word' id='word_1_21' title='bbox 2081 503 2217 544; x_wconf 86' lang='lat' dir='ltr'>cor·</span> <span class='ocrx_word' id='word_1_22' title='bbox 2269 483 2285 532; x_wconf 28' lang='grc' dir='ltr'><strong><em>ἰ</em></strong></span> 
     </span>
     <span class='ocr_line' id='line_1_6' title="bbox 332 572 2218 631; baseline 0.003 -5"><span class='ocrx_word' id='word_1_23' title='bbox 332 573 433 627; x_wconf 88' lang='lat' dir='ltr'>dis</span> <span class='ocrx_word' id='word_1_24' title='bbox 472 589 536 626; x_wconf 90' lang='lat' dir='ltr'>os</span> <span class='ocrx_word' id='word_1_25' title='bbox 574 573 846 628; x_wconf 84' lang='lat' dir='ltr'>emittit.</span> <span class='ocrx_word' id='word_1_26' title='bbox 894 574 1099 627; x_wconf 88' lang='lat' dir='ltr'>bonus</span> <span class='ocrx_word' id='word_1_27' title='bbox 1146 572 1329 628; x_wconf 92' lang='lat' dir='ltr'>homo</span> <span class='ocrx_word' id='word_1_28' title='bbox 1368 574 1441 627; x_wconf 91' lang='lat' dir='ltr'>de</span> <span class='ocrx_word' id='word_1_29' title='bbox 1479 575 1642 628; x_wconf 89' lang='lat' dir='ltr'>bono</span> <span class='ocrx_word' id='word_1_30' title='bbox 1679 575 1992 629; x_wconf 84' lang='lat' dir='ltr'>thesauro</span> <span class='ocrx_word' id='word_1_31' title='bbox 2030 577 2218 631; x_wconf 77' lang='lat' dir='ltr'>emit-</span> 
     </span>
     <span class='ocr_line' id='line_1_7' title="bbox 330 660 2290 728; baseline 0.002 -15"><span class='ocrx_word' id='word_1_32' title='bbox 330 660 424 713; x_wconf 90' lang='lat' dir='ltr'>tit</span> <span class='ocrx_word' id='word_1_33' title='bbox 461 660 622 714; x_wconf 88' lang='lat' dir='ltr'>bona</span> <span class='ocrx_word' id='word_1_34' title='bbox 657 662 722 714; x_wconf 91' lang='lat' dir='ltr'>et</span> <span class='ocrx_word' id='word_1_35' title='bbox 759 675 1028 728; x_wconf 81' lang='lat' dir='ltr'>nequam</span> <span class='ocrx_word' id='word_1_36' title='bbox 1064 660 1249 714; x_wconf 91' lang='lat' dir='ltr'>homo</span> <span class='ocrx_word' id='word_1_37' title='bbox 1283 661 1346 714; x_wconf 89' lang='lat' dir='ltr'>de</span> <span class='ocrx_word' id='word_1_38' title='bbox 1381 676 1652 728; x_wconf 87' lang='lat' dir='ltr'>nequam</span> <span class='ocrx_word' id='word_1_39' title='bbox 1688 660 2005 716; x_wconf 90' lang='lat' dir='ltr'>thesauro</span> <span class='ocrx_word' id='word_1_40' title='bbox 2033 663 2219 717; x_wconf 87' lang='lat' dir='ltr'>emit-</span> <span class='ocrx_word' id='word_1_41' title='bbox 2278 678 2290 710; x_wconf 69' lang='grc' dir='ltr'><em>κ</em></span> 
     </span>
     <span class='ocr_line' id='line_1_8' title="bbox 329 745 2295 815; baseline 0.003 -17"><span class='ocrx_word' id='word_1_42' title='bbox 329 745 422 799; x_wconf 86' lang='lat' dir='ltr'>tit</span> <span class='ocrx_word' id='word_1_43' title='bbox 467 762 751 815; x_wconf 90' lang='lat' dir='ltr'>nequam.</span> <span class='ocrx_word' id='word_1_44' title='bbox 801 748 937 800; x_wconf 89' lang='lat' dir='ltr'>unde</span> <span class='ocrx_word' id='word_1_45' title='bbox 987 748 1040 800; x_wconf 89' lang='lat' dir='ltr'>et</span> <span class='ocrx_word' id='word_1_46' title='bbox 1086 747 1232 800; x_wconf 89' lang='lat' dir='ltr'>diues</span> <span class='ocrx_word' id='word_1_47' title='bbox 1279 746 1371 799; x_wconf 90' lang='lat' dir='ltr'>ille</span> <span class='ocrx_word' id='word_1_48' title='bbox 1407 747 1665 814; x_wconf 90' lang='lat' dir='ltr'>peccator,</span> <span class='ocrx_word' id='word_1_49' title='bbox 1706 747 1795 815; x_wconf 91' lang='lat' dir='ltr'>qui</span> <span class='ocrx_word' id='word_1_50' title='bbox 1834 748 1897 801; x_wconf 91' lang='lat' dir='ltr'>de</span> <span class='ocrx_word' id='word_1_51' title='bbox 1933 748 2126 803; x_wconf 79' lang='lat' dir='ltr'>Lazaro</span> <span class='ocrx_word' id='word_1_52' title='bbox 2162 750 2254 803; x_wconf 75' lang='lat' dir='ltr'>ins</span> <span class='ocrx_word' id='word_1_53' title='bbox 2290 797 2295 804; x_wconf 88' lang='lat'>.</span> 
     </span>
     <span class='ocr_line' id='line_1_9' title="bbox 330 832 2313 910; baseline 0.002 -25"><span class='ocrx_word' id='word_1_54' title='bbox 330 832 447 886; x_wconf 87' lang='lat' dir='ltr'>sinu</span> <span class='ocrx_word' id='word_1_55' title='bbox 472 833 740 887; x_wconf 89' lang='lat' dir='ltr'>Abraham</span> <span class='ocrx_word' id='word_1_56' title='bbox 774 834 944 903; x_wconf 87' lang='lat' dir='ltr'>posito</span> <span class='ocrx_word' id='word_1_57' title='bbox 981 834 1147 901; x_wconf 90' lang='lat' dir='ltr'>adque</span> <span class='ocrx_word' id='word_1_58' title='bbox 1171 833 1226 886; x_wconf 92' lang='lat' dir='ltr'>in</span> <span class='ocrx_word' id='word_1_59' title='bbox 1251 832 1519 903; x_wconf 87' lang='lat' dir='ltr'>refrigerio</span> <span class='ocrx_word' id='word_1_60' title='bbox 1555 834 1838 887; x_wconf 85' lang='lat' dir='ltr'>constituto</span> <span class='ocrx_word' id='word_1_61' title='bbox 1877 835 2103 902; x_wconf 89' lang='lat' dir='ltr'>inplorat</span> <span class='ocrx_word' id='word_1_62' title='bbox 2129 851 2222 889; x_wconf 91' lang='lat' dir='ltr'>au·</span> <span class='ocrx_word' id='word_1_63' title='bbox 2306 867 2313 910; x_wconf 74' lang='lat'><strong>2</strong></span> 
     </span>
     <span class='ocr_line' id='line_1_10' title="bbox 332 919 2325 991; baseline 0.001 -19"><span class='ocrx_word' id='word_1_64' title='bbox 332 920 535 985; x_wconf 79' lang='grc'><strong>1111111111,</strong></span> <span class='ocrx_word' id='word_1_65' title='bbox 576 936 695 973; x_wconf 84' lang='grc'><strong>011111</strong></span> <span class='ocrx_word' id='word_1_66' title='bbox 733 921 789 973; x_wconf 88' lang='grc'>111</span> <span class='ocrx_word' id='word_1_67' title='bbox 824 920 1099 974; x_wconf 89' lang='lat' dir='ltr'>tormentis</span> <span class='ocrx_word' id='word_1_68' title='bbox 1135 919 1512 973; x_wconf 79' lang='lat' dir='ltr'>cruciabundus</span> <span class='ocrx_word' id='word_1_69' title='bbox 1549 919 1791 973; x_wconf 90' lang='lat' dir='ltr'>flammae</span> <span class='ocrx_word' id='word_1_70' title='bbox 1818 921 2100 975; x_wconf 87' lang='lat' dir='ltr'>cremantis</span> <span class='ocrx_word' id='word_1_71' title='bbox 2138 937 2223 974; x_wconf 88' lang='lat' dir='ltr'>ar·</span> <span class='ocrx_word' id='word_1_72' title='bbox 2300 947 2325 991; x_wconf 74' lang='grc' dir='ltr'><strong><em>χ</em></strong></span> 
     </span>
     <span class='ocr_line' id='line_1_11' title="bbox 330 1006 2221 1076; baseline 0.001 -17"><span class='ocrx_word' id='word_1_73' title='bbox 330 1006 541 1060; x_wconf 88' lang='lat' dir='ltr'>doribus</span> <span class='ocrx_word' id='word_1_74' title='bbox 583 1007 855 1074; x_wconf 73' lang='lat' dir='ltr'>aduratur,</span> <span class='ocrx_word' id='word_1_75' title='bbox 901 1007 1036 1060; x_wconf 88' lang='lat' dir='ltr'>inter</span> <span class='ocrx_word' id='word_1_76' title='bbox 1084 1021 1259 1060; x_wconf 90' lang='lat' dir='ltr'>omnes</span> <span class='ocrx_word' id='word_1_77' title='bbox 1308 1007 1532 1075; x_wconf 88' lang='lat' dir='ltr'>corporis</span> <span class='ocrx_word' id='word_1_78' title='bbox 1578 1007 1753 1073; x_wconf 88' lang='lat' dir='ltr'>partes</span> <span class='ocrx_word' id='word_1_79' title='bbox 1794 1007 1967 1076; x_wconf 88' lang='lat' dir='ltr'>magis</span> <span class='ocrx_word' id='word_1_80' title='bbox 2011 1021 2067 1060; x_wconf 87' lang='lat' dir='ltr'>os</span> <span class='ocrx_word' id='word_1_81' title='bbox 2111 1007 2221 1061; x_wconf 87' lang='lat' dir='ltr'>eius</span> 
     </span>
     <span class='ocr_line' id='line_1_12' title="bbox 268 1081 2314 1166; baseline 0.002 -20"><span class='ocrx_word' id='word_1_82' title='bbox 268 1162 271 1166; x_wconf 17' lang='grc' dir='ltr'><em>ι</em></span> <span class='ocrx_word' id='word_1_83' title='bbox 330 1094 383 1146; x_wconf 86' lang='lat' dir='ltr'>et</span> <span class='ocrx_word' id='word_1_84' title='bbox 419 1093 600 1162; x_wconf 90' lang='lat' dir='ltr'>lingua</span> <span class='ocrx_word' id='word_1_85' title='bbox 636 1108 822 1160; x_wconf 88' lang='lat' dir='ltr'>poenas</span> <span class='ocrx_word' id='word_1_86' title='bbox 863 1093 966 1158; x_wconf 87' lang='lat' dir='ltr'>dat,</span> <span class='ocrx_word' id='word_1_87' title='bbox 1007 1093 1129 1160; x_wconf 91' lang='lat' dir='ltr'>quia</span> <span class='ocrx_word' id='word_1_88' title='bbox 1166 1093 1285 1159; x_wconf 90' lang='lat' dir='ltr'>plus</span> <span class='ocrx_word' id='word_1_89' title='bbox 1323 1092 1525 1145; x_wconf 85' lang='lat' dir='ltr'>scilicet</span> <span class='ocrx_word' id='word_1_90' title='bbox 1562 1092 1744 1162; x_wconf 88' lang='lat' dir='ltr'>lingua</span> <span class='ocrx_word' id='word_1_91' title='bbox 1782 1108 1874 1146; x_wconf 90' lang='lat' dir='ltr'>sua</span> <span class='ocrx_word' id='word_1_92' title='bbox 1913 1094 1966 1146; x_wconf 91' lang='lat' dir='ltr'>et</span> <span class='ocrx_word' id='word_1_93' title='bbox 1991 1081 2075 1147; x_wconf 78' lang='lat' dir='ltr'>ore</span> <span class='ocrx_word' id='word_1_94' title='bbox 2101 1109 2220 1162; x_wconf 88' lang='lat' dir='ltr'>pec·</span> <span class='ocrx_word' id='word_1_95' title='bbox 2307 1087 2314 1150; x_wconf 66' lang='grc' dir='ltr'><em>ξ</em></span> 
     </span>
     <span class='ocr_line' id='line_1_13' title="bbox 331 1167 2332 1249; baseline 0 -17"><span class='ocrx_word' id='word_1_96' title='bbox 331 1181 553 1232; x_wconf 87' lang='lat' dir='ltr'>cauerat.</span> <span class='ocrx_word' id='word_1_97' title='bbox 635 1167 650 1180; x_wconf 74' lang='grc'>’</span> <span class='ocrx_word' id='word_1_98' title='bbox 2238 1201 2280 1233; x_wconf 83' lang='grc' dir='ltr'>ιο</span> <span class='ocrx_word' id='word_1_99' title='bbox 2309 1223 2332 1249; x_wconf 23' lang='grc'>.,</span> 
     </span>
     <span class='ocr_line' id='line_1_14' title="bbox 242 1255 2332 1356; baseline -0 -37"><span class='ocrx_word' id='word_1_100' title='bbox 242 1255 311 1328; x_wconf 57' lang='grc'>’4</span> <span class='ocrx_word' id='word_1_101' title='bbox 402 1267 540 1320; x_wconf 88' lang='lat' dir='ltr'>Nam</span> <span class='ocrx_word' id='word_1_102' title='bbox 586 1283 704 1319; x_wconf 89' lang='lat' dir='ltr'>cum</span> <span class='ocrx_word' id='word_1_103' title='bbox 750 1266 1005 1334; x_wconf 84' lang='lat' dir='ltr'>scriptum</span> <span class='ocrx_word' id='word_1_104' title='bbox 1048 1266 1145 1318; x_wconf 90' lang='lat' dir='ltr'>sit:</span> <span class='ocrx_word' id='word_1_105' title='bbox 1185 1281 1389 1333; x_wconf 90' lang='lat' dir='ltr'>neque</span> <span class='ocrx_word' id='word_1_106' title='bbox 1434 1266 1746 1319; x_wconf 91' lang='lat' dir='ltr'>maledici</span> <span class='ocrx_word' id='word_1_107' title='bbox 1789 1282 2060 1335; x_wconf 91' lang='lat' dir='ltr'>regnum</span> <span class='ocrx_word' id='word_1_108' title='bbox 2105 1266 2223 1319; x_wconf 89' lang='lat' dir='ltr'>Dei</span> <span class='ocrx_word' id='word_1_109' title='bbox 2312 1256 2332 1356; x_wconf 54' lang='grc' dir='ltr'>ᾗ</span> 
     </span>
     <span class='ocr_line' id='line_1_15' title="bbox 331 1345 2332 1421; baseline -0 -15"><span class='ocrx_word' id='word_1_110' title='bbox 331 1354 842 1419; x_wconf 75' lang='lat' dir='ltr'>consequentur,</span> <span class='ocrx_word' id='word_1_111' title='bbox 892 1354 944 1405; x_wconf 90' lang='lat' dir='ltr'>et</span> <span class='ocrx_word' id='word_1_112' title='bbox 981 1353 1172 1405; x_wconf 88' lang='lat' dir='ltr'>iterum</span> <span class='ocrx_word' id='word_1_113' title='bbox 1211 1353 1466 1405; x_wconf 85' lang='lat' dir='ltr'>Dominus</span> <span class='ocrx_word' id='word_1_114' title='bbox 1504 1353 1559 1404; x_wconf 91' lang='lat' dir='ltr'>in</span> <span class='ocrx_word' id='word_1_115' title='bbox 1598 1352 1865 1421; x_wconf 88' lang='lat' dir='ltr'>euangelio</span> <span class='ocrx_word' id='word_1_116' title='bbox 1923 1369 2014 1405; x_wconf 91' lang='lat' dir='ltr'>suo</span> <span class='ocrx_word' id='word_1_117' title='bbox 2053 1353 2221 1406; x_wconf 85' lang='lat' dir='ltr'>dicat:</span> <span class='ocrx_word' id='word_1_118' title='bbox 2320 1345 2332 1421; x_wconf 52' lang='grc' dir='ltr'>ἱΞ</span> 
     </span>
     <span class='ocr_line' id='line_1_16' title="bbox 329 1438 2323 1507; baseline 0.001 -16"><span class='ocrx_word' id='word_1_119' title='bbox 329 1439 436 1507; x_wconf 88' lang='lat' dir='ltr'>qui</span> <span class='ocrx_word' id='word_1_120' title='bbox 492 1439 739 1491; x_wconf 86' lang='lat' dir='ltr'>dixerit</span> <span class='ocrx_word' id='word_1_121' title='bbox 795 1439 991 1491; x_wconf 87' lang='lat' dir='ltr'>fratri</span> <span class='ocrx_word' id='word_1_122' title='bbox 1038 1454 1151 1491; x_wconf 91' lang='lat' dir='ltr'>suo</span> <span class='ocrx_word' id='word_1_123' title='bbox 1200 1438 1381 1491; x_wconf 86' lang='lat' dir='ltr'>fatue</span> <span class='ocrx_word' id='word_1_124' title='bbox 1438 1439 1499 1490; x_wconf 90' lang='lat' dir='ltr'>et</span> <span class='ocrx_word' id='word_1_125' title='bbox 1549 1439 1657 1506; x_wconf 89' lang='lat' dir='ltr'>qui</span> <span class='ocrx_word' id='word_1_126' title='bbox 1709 1438 1960 1492; x_wconf 84' lang='lat' dir='ltr'>dixerit</span> <span class='ocrx_word' id='word_1_127' title='bbox 2010 1440 2220 1502; x_wconf 89' lang='lat' dir='ltr'>racha,</span> <span class='ocrx_word' id='word_1_128' title='bbox 2322 1443 2323 1447; x_wconf 77' lang='grc'>’</span> 
     </span>
     <span class='ocr_line' id='line_1_17' title="bbox 330 1525 2222 1594; baseline 0.001 -16"><span class='ocrx_word' id='word_1_129' title='bbox 330 1541 475 1578; x_wconf 90' lang='lat' dir='ltr'>reus</span> <span class='ocrx_word' id='word_1_130' title='bbox 524 1526 651 1578; x_wconf 91' lang='lat' dir='ltr'>erit</span> <span class='ocrx_word' id='word_1_131' title='bbox 703 1526 769 1577; x_wconf 88' lang='lat' dir='ltr'>in</span> <span class='ocrx_word' id='word_1_132' title='bbox 820 1525 1108 1594; x_wconf 86' lang='lat' dir='ltr'>gehenna</span> <span class='ocrx_word' id='word_1_133' title='bbox 1154 1525 1353 1594; x_wconf 79' lang='lat' dir='ltr'>igniS,</span> <span class='ocrx_word' id='word_1_134' title='bbox 1410 1525 1662 1591; x_wconf 90' lang='lat' dir='ltr'>quomodo</span> <span class='ocrx_word' id='word_1_135' title='bbox 1701 1526 1919 1591; x_wconf 90' lang='lat' dir='ltr'>possunt</span> <span class='ocrx_word' id='word_1_136' title='bbox 1957 1539 2222 1579; x_wconf 86' lang='lat' dir='ltr'>censuram</span> 
     </span>
     <span class='ocr_line' id='line_1_18' title="bbox 332 1611 2278 1681; baseline -0.001 -16"><span class='ocrx_word' id='word_1_137' title='bbox 332 1613 545 1666; x_wconf 89' lang='lat' dir='ltr'>Domini</span> <span class='ocrx_word' id='word_1_138' title='bbox 582 1612 768 1665; x_wconf 88' lang='lat' dir='ltr'>ultoris</span> <span class='ocrx_word' id='word_1_139' title='bbox 807 1613 1022 1665; x_wconf 85' lang='lat' dir='ltr'>euadere</span> <span class='ocrx_word' id='word_1_140' title='bbox 1064 1613 1152 1679; x_wconf 92' lang='lat' dir='ltr'>qui</span> <span class='ocrx_word' id='word_1_141' title='bbox 1189 1612 1320 1664; x_wconf 85' lang='lat' dir='ltr'>talia</span> <span class='ocrx_word' id='word_1_142' title='bbox 1357 1612 1602 1681; x_wconf 89' lang='lat' dir='ltr'>ingerunt</span> <span class='ocrx_word' id='word_1_143' title='bbox 1638 1627 1738 1664; x_wconf 89' lang='lat' dir='ltr'>non</span> <span class='ocrx_word' id='word_1_144' title='bbox 1776 1613 1946 1665; x_wconf 90' lang='lat' dir='ltr'>solum</span> <span class='ocrx_word' id='word_1_145' title='bbox 1971 1611 2221 1665; x_wconf 83' lang='lat' dir='ltr'>fratribus</span> <span class='ocrx_word' id='word_1_146' title='bbox 2239 1633 2278 1665; x_wconf 85' lang='lat'>15</span> 
     </span>
     <span class='ocr_line' id='line_1_19' title="bbox 334 1698 2224 1768; baseline 0 -16"><span class='ocrx_word' id='word_1_147' title='bbox 334 1700 424 1752; x_wconf 90' lang='lat' dir='ltr'>sed</span> <span class='ocrx_word' id='word_1_148' title='bbox 484 1701 535 1752; x_wconf 93' lang='lat' dir='ltr'>et</span> <span class='ocrx_word' id='word_1_149' title='bbox 592 1698 947 1752; x_wconf 89' lang='lat' dir='ltr'>sacerdotibus</span> <span class='ocrx_word' id='word_1_150' title='bbox 996 1698 1183 1766; x_wconf 87' lang='lat' dir='ltr'>quibus</span> <span class='ocrx_word' id='word_1_151' title='bbox 1238 1698 1399 1751; x_wconf 90' lang='lat' dir='ltr'>honor</span> <span class='ocrx_word' id='word_1_152' title='bbox 1454 1700 1631 1752; x_wconf 84' lang='lat' dir='ltr'>tantus</span> <span class='ocrx_word' id='word_1_153' title='bbox 1681 1699 1742 1751; x_wconf 91' lang='lat' dir='ltr'>de</span> <span class='ocrx_word' id='word_1_154' title='bbox 1791 1698 1889 1751; x_wconf 91' lang='lat' dir='ltr'>Dei</span> <span class='ocrx_word' id='word_1_155' title='bbox 1929 1699 2224 1768; x_wconf 77' lang='lat' dir='ltr'>dignatione</span> 
     </span>
     <span class='ocr_line' id='line_1_20' title="bbox 337 1785 2225 1853; baseline -0.001 -15"><span class='ocrx_word' id='word_1_156' title='bbox 337 1786 657 1851; x_wconf 75' lang='lat' dir='ltr'>conceditur,</span> <span class='ocrx_word' id='word_1_157' title='bbox 712 1788 773 1839; x_wconf 92' lang='lat' dir='ltr'>ut</span> <span class='ocrx_word' id='word_1_158' title='bbox 821 1786 1037 1853; x_wconf 89' lang='lat' dir='ltr'>quisque</span> <span class='ocrx_word' id='word_1_159' title='bbox 1085 1786 1338 1839; x_wconf 88' lang='lat' dir='ltr'>sacerdoti</span> <span class='ocrx_word' id='word_1_160' title='bbox 1378 1786 1487 1838; x_wconf 88' lang='lat' dir='ltr'>eius</span> <span class='ocrx_word' id='word_1_161' title='bbox 1526 1788 1578 1838; x_wconf 91' lang='lat' dir='ltr'>et</span> <span class='ocrx_word' id='word_1_162' title='bbox 1615 1786 1682 1839; x_wconf 90' lang='lat' dir='ltr'>ad</span> <span class='ocrx_word' id='word_1_163' title='bbox 1719 1787 1925 1853; x_wconf 88' lang='lat' dir='ltr'>tempus</span> <span class='ocrx_word' id='word_1_164' title='bbox 1962 1785 2048 1838; x_wconf 90' lang='lat' dir='ltr'>hic</span> <span class='ocrx_word' id='word_1_165' title='bbox 2086 1785 2225 1838; x_wconf 91' lang='lat' dir='ltr'>iudi-</span> 
     </span>
     <span class='ocr_line' id='line_1_21' title="bbox 339 1872 2225 1942; baseline 0 -18"><span class='ocrx_word' id='word_1_166' title='bbox 339 1873 480 1925; x_wconf 87' lang='lat' dir='ltr'>canti</span> <span class='ocrx_word' id='word_1_167' title='bbox 533 1888 633 1925; x_wconf 89' lang='lat' dir='ltr'>non</span> <span class='ocrx_word' id='word_1_168' title='bbox 682 1874 1061 1942; x_wconf 86' lang='lat' dir='ltr'>obtemperaret</span> <span class='ocrx_word' id='word_1_169' title='bbox 1115 1873 1298 1927; x_wconf 78' lang='lat' dir='ltr'>‘statim</span> <span class='ocrx_word' id='word_1_170' title='bbox 1353 1874 1661 1926; x_wconf 79' lang='lat' dir='ltr'>necaretur?</span> <span class='ocrx_word' id='word_1_171' title='bbox 1717 1874 1771 1926; x_wconf 92' lang='lat' dir='ltr'>in</span> <span class='ocrx_word' id='word_1_172' title='bbox 1825 1872 2225 1926; x_wconf 90' lang='lat' dir='ltr'>Deuteronomio</span> 
     </span>
     <span class='ocr_line' id='line_1_22' title="bbox 336 1958 2225 2027; baseline 0 -16"><span class='ocrx_word' id='word_1_173' title='bbox 336 1960 569 2026; x_wconf 88' lang='lat' dir='ltr'>loquitur</span> <span class='ocrx_word' id='word_1_174' title='bbox 606 1961 859 2013; x_wconf 89' lang='lat' dir='ltr'>Dominus</span> <span class='ocrx_word' id='word_1_175' title='bbox 899 1961 1038 2013; x_wconf 88' lang='lat' dir='ltr'>Deus</span> <span class='ocrx_word' id='word_1_176' title='bbox 1077 1960 1277 2013; x_wconf 89' lang='lat' dir='ltr'>dicens:</span> <span class='ocrx_word' id='word_1_177' title='bbox 1319 1961 1379 2012; x_wconf 82' lang='lat' dir='ltr'>et</span> <span class='ocrx_word' id='word_1_178' title='bbox 1417 1960 1597 2012; x_wconf 92' lang='lat' dir='ltr'>homo</span> <span class='ocrx_word' id='word_1_179' title='bbox 1637 1961 2026 2027; x_wconf 90' lang='lat' dir='ltr'>quicumque</span> <span class='ocrx_word' id='word_1_180' title='bbox 2063 1958 2225 2011; x_wconf 87' lang='lat' dir='ltr'>fece-</span> 
     </span>
     <span class='ocr_line' id='line_1_23' title="bbox 333 2046 2284 2113; baseline 0.001 -16"><span class='ocrx_word' id='word_1_181' title='bbox 333 2046 428 2097; x_wconf 89' lang='lat' dir='ltr'>rit</span> <span class='ocrx_word' id='word_1_182' title='bbox 465 2047 531 2098; x_wconf 92' lang='lat' dir='ltr'>in</span> <span class='ocrx_word' id='word_1_183' title='bbox 570 2047 900 2113; x_wconf 88' lang='lat' dir='ltr'>superbia,</span> <span class='ocrx_word' id='word_1_184' title='bbox 941 2047 1011 2099; x_wconf 91' lang='lat' dir='ltr'>ut</span> <span class='ocrx_word' id='word_1_185' title='bbox 1048 2063 1167 2099; x_wconf 92' lang='lat' dir='ltr'>non</span> <span class='ocrx_word' id='word_1_186' title='bbox 1205 2046 1509 2099; x_wconf 83' lang='lat' dir='ltr'>exaudiat</span> <span class='ocrx_word' id='word_1_187' title='bbox 1549 2046 1952 2099; x_wconf 85' lang='lat' dir='ltr'>sacerdotem</span> <span class='ocrx_word' id='word_1_188' title='bbox 1991 2046 2284 2098; x_wconf 67' lang='lat' dir='ltr'>autiu-eo</span> 
     </span>
     <span class='ocr_line' id='line_1_24' title="bbox 335 2132 2228 2199; baseline -0.001 -15"><span class='ocrx_word' id='word_1_189' title='bbox 335 2132 575 2197; x_wconf 84' lang='lat' dir='ltr'>dicem,</span> <span class='ocrx_word' id='word_1_190' title='bbox 629 2133 1016 2199; x_wconf 89' lang='lat' dir='ltr'>quicumque</span> <span class='ocrx_word' id='word_1_191' title='bbox 1063 2133 1374 2184; x_wconf 88' lang='lat' dir='ltr'>fueritin</span> <span class='ocrx_word' id='word_1_192' title='bbox 1416 2132 1651 2185; x_wconf 90' lang='lat' dir='ltr'>diebus</span> <span class='ocrx_word' id='word_1_193' title='bbox 1688 2133 1862 2196; x_wconf 89' lang='lat' dir='ltr'>illis,</span> <span class='ocrx_word' id='word_1_194' title='bbox 1914 2132 2228 2183; x_wconf 88' lang='lat' dir='ltr'>morietur</span> 
     </span>
     <span class='ocr_line' id='line_1_25' title="bbox 335 2218 2227 2286; baseline 0.001 -17"><span class='ocrx_word' id='word_1_195' title='bbox 335 2218 518 2271; x_wconf 93' lang='lat' dir='ltr'>homo</span> <span class='ocrx_word' id='word_1_196' title='bbox 566 2219 714 2283; x_wconf 88' lang='lat' dir='ltr'>ille,</span> <span class='ocrx_word' id='word_1_197' title='bbox 764 2221 824 2272; x_wconf 89' lang='lat' dir='ltr'>et</span> <span class='ocrx_word' id='word_1_198' title='bbox 872 2221 1077 2272; x_wconf 86' lang='lat' dir='ltr'>omnis</span> <span class='ocrx_word' id='word_1_199' title='bbox 1116 2219 1398 2286; x_wconf 87' lang='lat' dir='ltr'>populus</span> <span class='ocrx_word' id='word_1_200' title='bbox 1439 2235 1576 2271; x_wconf 91' lang='lat' dir='ltr'>cum</span> <span class='ocrx_word' id='word_1_201' title='bbox 1616 2219 1912 2271; x_wconf 86' lang='lat' dir='ltr'>audierit</span> <span class='ocrx_word' id='word_1_202' title='bbox 1949 2218 2227 2271; x_wconf 85' lang='lat' dir='ltr'>timebit</span> 
     </span>
     <span class='ocr_line' id='line_1_26' title="bbox 337 2305 2265 2375; baseline -0.001 -17"><span class='ocrx_word' id='word_1_203' title='bbox 337 2308 401 2358; x_wconf 89' lang='lat' dir='ltr'>et</span> <span class='ocrx_word' id='word_1_204' title='bbox 439 2322 559 2359; x_wconf 89' lang='lat' dir='ltr'>non</span> <span class='ocrx_word' id='word_1_205' title='bbox 599 2308 794 2375; x_wconf 87' lang='lat' dir='ltr'>agent</span> <span class='ocrx_word' id='word_1_206' title='bbox 831 2307 1031 2374; x_wconf 86' lang='lat' dir='ltr'>impie</span> <span class='ocrx_word' id='word_1_207' title='bbox 1070 2308 1268 2359; x_wconf 88' lang='lat' dir='ltr'>etiam</span> <span class='ocrx_word' id='word_1_208' title='bbox 1307 2323 1491 2358; x_wconf 88' lang='lat' dir='ltr'>nunc.</span> <span class='ocrx_word' id='word_1_209' title='bbox 1534 2307 1662 2358; x_wconf 87' lang='lat' dir='ltr'>item</span> <span class='ocrx_word' id='word_1_210' title='bbox 1691 2306 1754 2358; x_wconf 89' lang='lat' dir='ltr'>ad</span> <span class='ocrx_word' id='word_1_211' title='bbox 1781 2305 2073 2358; x_wconf 84' lang='lat' dir='ltr'>Samuelem</span> <span class='ocrx_word' id='word_1_212' title='bbox 2110 2320 2265 2356; x_wconf 45' lang='lat' dir='ltr'>cum.</span> 
     </span>
     <span class='ocr_line' id='line_1_27' title="bbox 337 2389 2229 2460; baseline -0.002 -16"><span class='ocrx_word' id='word_1_213' title='bbox 337 2407 367 2444; x_wconf 91' lang='lat' dir='ltr'>a</span> <span class='ocrx_word' id='word_1_214' title='bbox 406 2392 614 2445; x_wconf 86' lang='lat' dir='ltr'>Iudaeis</span> <span class='ocrx_word' id='word_1_215' title='bbox 655 2394 1003 2460; x_wconf 80' lang='lat' dir='ltr'>sperneretur,</span> <span class='ocrx_word' id='word_1_216' title='bbox 1044 2393 1182 2445; x_wconf 88' lang='lat' dir='ltr'>Deus</span> <span class='ocrx_word' id='word_1_217' title='bbox 1222 2392 1373 2445; x_wconf 90' lang='lat' dir='ltr'>dicit:</span> <span class='ocrx_word' id='word_1_218' title='bbox 1429 2407 1550 2444; x_wconf 88' lang='grc'><strong>11011</strong></span> <span class='ocrx_word' id='word_1_219' title='bbox 1588 2394 1650 2444; x_wconf 88' lang='lat' dir='ltr'>te</span> <span class='ocrx_word' id='word_1_220' title='bbox 1690 2391 2085 2459; x_wconf 87' lang='lat' dir='ltr'>spreuerunt</span> <span class='ocrx_word' id='word_1_221' title='bbox 2123 2389 2229 2442; x_wconf 87' lang='lat' dir='ltr'>sed</span> 
     </span>
    </p>
   </div>
   <div class='ocr_carea' id='block_1_4' title="bbox 338 2591 2227 2717">
    <p class='ocr_par' dir='ltr' id='par_1_4' title="bbox 338 2591 2227 2717">
     <span class='ocr_line' id='line_1_28' title="bbox 507 2591 2227 2645; baseline 0.003 -10"><span class='ocrx_word' id='word_1_222' title='bbox 507 2593 531 2635; x_wconf 91' lang='lat'>1</span> <span class='ocrx_word' id='word_1_223' title='bbox 563 2593 728 2636; x_wconf 87' lang='lat' dir='ltr'>Matth.</span> <span class='ocrx_word' id='word_1_224' title='bbox 763 2593 835 2644; x_wconf 82' lang='lat'>12,</span> <span class='ocrx_word' id='word_1_225' title='bbox 868 2593 937 2636; x_wconf 82' lang='lat'>34.</span> <span class='ocrx_word' id='word_1_226' title='bbox 969 2594 1038 2636; x_wconf 84' lang='lat'>35.</span> <span class='ocrx_word' id='word_1_227' title='bbox 1210 2593 1266 2638; x_wconf 89' lang='lat'>11</span> <span class='ocrx_word' id='word_1_228' title='bbox 1298 2593 1321 2636; x_wconf 91' lang='grc' dir='ltr'>Ι</span> <span class='ocrx_word' id='word_1_229' title='bbox 1353 2593 1450 2638; x_wconf 86' lang='lat' dir='ltr'>Cor.</span> <span class='ocrx_word' id='word_1_230' title='bbox 1482 2595 1521 2645; x_wconf 86' lang='lat'>6,</span> <span class='ocrx_word' id='word_1_231' title='bbox 1557 2593 1622 2636; x_wconf 86' lang='lat'>10.</span> <span class='ocrx_word' id='word_1_232' title='bbox 1792 2592 1847 2635; x_wconf 87' lang='lat'>13</span> <span class='ocrx_word' id='word_1_233' title='bbox 1881 2592 2046 2635; x_wconf 88' lang='lat' dir='ltr'>Matth.</span> <span class='ocrx_word' id='word_1_234' title='bbox 2080 2592 2120 2642; x_wconf 88' lang='lat'>5,</span> <span class='ocrx_word' id='word_1_235' title='bbox 2156 2591 2227 2640; x_wconf 76' lang='lat'>22.</span> 
     </span>
     <span class='ocr_line' id='line_1_29' title="bbox 338 2664 1396 2717; baseline 0.001 -10"><span class='ocrx_word' id='word_1_236' title='bbox 338 2664 392 2707; x_wconf 86' lang='lat'>19</span> <span class='ocrx_word' id='word_1_237' title='bbox 423 2664 554 2708; x_wconf 87' lang='lat' dir='ltr'>Deut.</span> <span class='ocrx_word' id='word_1_238' title='bbox 590 2665 656 2717; x_wconf 81' lang='lat'>17,</span> <span class='ocrx_word' id='word_1_239' title='bbox 691 2666 757 2708; x_wconf 76' lang='lat'>12.</span> <span class='ocrx_word' id='word_1_240' title='bbox 792 2665 859 2707; x_wconf 86' lang='lat'>13.</span> <span class='ocrx_word' id='word_1_241' title='bbox 978 2666 1035 2708; x_wconf 78' lang='lat'>24</span> <span class='ocrx_word' id='word_1_242' title='bbox 1066 2665 1102 2708; x_wconf 90' lang='grc' dir='ltr'>Ι.</span> <span class='ocrx_word' id='word_1_243' title='bbox 1136 2665 1251 2708; x_wconf 82' lang='lat' dir='ltr'>Sam.</span> <span class='ocrx_word' id='word_1_244' title='bbox 1284 2665 1323 2717; x_wconf 80' lang='lat'>8,</span> <span class='ocrx_word' id='word_1_245' title='bbox 1358 2665 1396 2708; x_wconf 85' lang='lat'>7.</span> 
     </span>
    </p>
   </div>
   <div class='ocr_carea' id='block_1_5' title="bbox 333 2836 2230 3396">
    <p class='ocr_par' dir='ltr' id='par_1_5' title="bbox 333 2836 2230 3396">
     <span class='ocr_line' id='line_1_30' title="bbox 423 2836 2228 2894; baseline -0.001 -15"><span class='ocrx_word' id='word_1_246' title='bbox 423 2838 447 2879; x_wconf 93' lang='lat'>1</span> <span class='ocrx_word' id='word_1_247' title='bbox 469 2836 698 2894; x_wconf 87' lang='lat' dir='ltr'>boniloqui</span> <span class='ocrx_word' id='word_1_248' title='bbox 727 2839 764 2882; x_wconf 79' lang='lat' dir='ltr'><strong><em>G</em></strong></span> <span class='ocrx_word' id='word_1_249' title='bbox 774 2843 780 2864; x_wconf 95' lang='lat'>¹</span> <span class='ocrx_word' id='word_1_250' title='bbox 965 2839 992 2881; x_wconf 84' lang='lat'><strong>3</strong></span> <span class='ocrx_word' id='word_1_251' title='bbox 1013 2851 1061 2882; x_wconf 89' lang='lat' dir='ltr'>os</span> <span class='ocrx_word' id='word_1_252' title='bbox 1092 2851 1174 2882; x_wconf 80' lang='lat' dir='ltr'>om.</span> <span class='ocrx_word' id='word_1_253' title='bbox 1204 2838 1242 2893; x_wconf 71' lang='lat' dir='ltr'><em>Q</em></span> <span class='ocrx_word' id='word_1_254' title='bbox 1414 2838 1563 2880; x_wconf 87' lang='lat' dir='ltr'>mittit</span> <span class='ocrx_word' id='word_1_255' title='bbox 1591 2838 1628 2883; x_wconf 80' lang='lat' dir='ltr'><strong><em>G</em></strong></span> <span class='ocrx_word' id='word_1_256' title='bbox 1800 2837 1956 2893; x_wconf 88' lang='lat' dir='ltr'>bonus]</span> <span class='ocrx_word' id='word_1_257' title='bbox 1990 2836 2151 2879; x_wconf 87' lang='lat' dir='ltr'>bonum</span> <span class='ocrx_word' id='word_1_258' title='bbox 2183 2838 2228 2878; x_wconf 84' lang='lat' dir='ltr'>ct</span> 
     </span>
     <span class='ocr_line' id='line_1_31' title="bbox 334 2908 2230 2967; baseline -0.001 -16"><span class='ocrx_word' id='word_1_259' title='bbox 334 2908 474 2951; x_wconf 85' lang='lat' dir='ltr'>bonus</span> <span class='ocrx_word' id='word_1_260' title='bbox 496 2910 540 2952; x_wconf 88' lang='lat' dir='ltr'><strong><em>L</em></strong></span> <span class='ocrx_word' id='word_1_261' title='bbox 704 2911 945 2954; x_wconf 85' lang='lat' dir='ltr'>thensauro</span> <span class='ocrx_word' id='word_1_262' title='bbox 970 2910 1056 2967; x_wconf 65' lang='grc' dir='ltr'>ΡΩ</span> <span class='ocrx_word' id='word_1_263' title='bbox 1221 2910 1409 2966; x_wconf 89' lang='lat' dir='ltr'>emittit]</span> <span class='ocrx_word' id='word_1_264' title='bbox 1434 2911 1543 2952; x_wconf 89' lang='lat' dir='ltr'>emit</span> <span class='ocrx_word' id='word_1_265' title='bbox 1573 2910 1611 2954; x_wconf 81' lang='lat' dir='ltr'><em>C</em></span> <span class='ocrx_word' id='word_1_266' title='bbox 1768 2908 1797 2951; x_wconf 84' lang='lat'>4</span> <span class='ocrx_word' id='word_1_267' title='bbox 1817 2910 1946 2952; x_wconf 87' lang='lat' dir='ltr'>homo</span> <span class='ocrx_word' id='word_1_268' title='bbox 1968 2908 2020 2952; x_wconf 95' lang='grc'>(10</span> <span class='ocrx_word' id='word_1_269' title='bbox 2041 2921 2230 2963; x_wconf 83' lang='lat' dir='ltr'>nequam</span> 
     </span>
     <span class='ocr_line' id='line_1_32' title="bbox 334 2979 2224 3038; baseline 0 -15"><span class='ocrx_word' id='word_1_270' title='bbox 334 2993 416 3024; x_wconf 84' lang='lat' dir='ltr'>om.</span> <span class='ocrx_word' id='word_1_271' title='bbox 439 2982 484 3025; x_wconf 88' lang='lat' dir='ltr'><em>R</em></span> <span class='ocrx_word' id='word_1_272' title='bbox 601 2982 843 3025; x_wconf 89' lang='lat' dir='ltr'>thensauro</span> <span class='ocrx_word' id='word_1_273' title='bbox 866 2982 952 3038; x_wconf 73' lang='lat' dir='ltr'>PQ</span> <span class='ocrx_word' id='word_1_274' title='bbox 1069 2982 1255 3037; x_wconf 87' lang='lat' dir='ltr'>emittit]</span> <span class='ocrx_word' id='word_1_275' title='bbox 1282 2983 1394 3025; x_wconf 91' lang='lat' dir='ltr'>emit</span> <span class='ocrx_word' id='word_1_276' title='bbox 1423 2982 1460 3026; x_wconf 79' lang='lat' dir='ltr'><strong><em>G</em></strong></span> <span class='ocrx_word' id='word_1_277' title='bbox 1576 2981 1603 3025; x_wconf 90' lang='lat'>5</span> <span class='ocrx_word' id='word_1_278' title='bbox 1623 2981 1676 3024; x_wconf 90' lang='lat' dir='ltr'>de</span> <span class='ocrx_word' id='word_1_279' title='bbox 1699 2994 1812 3024; x_wconf 76' lang='lat' dir='ltr'>corr.</span> <span class='ocrx_word' id='word_1_280' title='bbox 1836 2982 1889 3024; x_wconf 70' lang='lat' dir='ltr'>in</span> <span class='ocrx_word' id='word_1_281' title='bbox 1911 2994 1937 3023; x_wconf 93' lang='lat' dir='ltr'>a</span> <span class='ocrx_word' id='word_1_282' title='bbox 1967 2981 2011 3032; x_wconf 82' lang='lat' dir='ltr'>O,</span> <span class='ocrx_word' id='word_1_283' title='bbox 2036 2994 2134 3035; x_wconf 75' lang='lat' dir='ltr'>exp.</span> <span class='ocrx_word' id='word_1_284' title='bbox 2165 2979 2224 3036; x_wconf 58' lang='grc' dir='ltr'>ρ’)</span> 
     </span>
     <span class='ocr_line' id='line_1_33' title="bbox 333 3052 2174 3109; baseline -0.001 -14"><span class='ocrx_word' id='word_1_285' title='bbox 333 3053 452 3107; x_wconf 72' lang='lat' dir='ltr'>(emh.</span> <span class='ocrx_word' id='word_1_286' title='bbox 472 3053 547 3108; x_wconf 85' lang='lat' dir='ltr'>M)</span> <span class='ocrx_word' id='word_1_287' title='bbox 655 3053 848 3097; x_wconf 86' lang='lat' dir='ltr'>eleazaro</span> <span class='ocrx_word' id='word_1_288' title='bbox 866 3054 995 3105; x_wconf 89' lang='lat' dir='ltr'>LP¹,</span> <span class='ocrx_word' id='word_1_289' title='bbox 1019 3053 1188 3097; x_wconf 69' lang='lat' dir='ltr'>hazaro</span> <span class='ocrx_word' id='word_1_290' title='bbox 1205 3054 1250 3098; x_wconf 87' lang='lat' dir='ltr'><em>R</em></span> <span class='ocrx_word' id='word_1_291' title='bbox 1367 3054 1393 3096; x_wconf 88' lang='lat'>6</span> <span class='ocrx_word' id='word_1_292' title='bbox 1411 3053 1604 3097; x_wconf 87' lang='lat' dir='ltr'>abrahae</span> <span class='ocrx_word' id='word_1_293' title='bbox 1629 3053 1783 3097; x_wconf 81' lang='lat' dir='ltr'><em>GPRv</em></span> <span class='ocrx_word' id='word_1_294' title='bbox 1889 3053 2115 3108; x_wconf 89' lang='lat' dir='ltr'>inplorans</span> <span class='ocrx_word' id='word_1_295' title='bbox 2136 3052 2174 3109; x_wconf 75' lang='lat' dir='ltr'><em>Q</em></span> 
     </span>
     <span class='ocr_line' id='line_1_34' title="bbox 334 3123 2176 3180; baseline 0.001 -14"><span class='ocrx_word' id='word_1_296' title='bbox 334 3124 359 3166; x_wconf 83' lang='lat'><strong>7</strong></span> <span class='ocrx_word' id='word_1_297' title='bbox 383 3124 617 3167; x_wconf 88' lang='lat' dir='ltr'>arboribus</span> <span class='ocrx_word' id='word_1_298' title='bbox 639 3125 682 3167; x_wconf 88' lang='lat' dir='ltr'><strong><em>L</em></strong></span> <span class='ocrx_word' id='word_1_299' title='bbox 813 3126 840 3169; x_wconf 85' lang='grc'>8</span> <span class='ocrx_word' id='word_1_300' title='bbox 861 3124 1071 3168; x_wconf 87' lang='lat' dir='ltr'>adoratur</span> <span class='ocrx_word' id='word_1_301' title='bbox 1102 3125 1175 3178; x_wconf 81' lang='lat'>0¹,</span> <span class='ocrx_word' id='word_1_302' title='bbox 1200 3125 1470 3169; x_wconf 88' lang='lat' dir='ltr'>adurebatur</span> <span class='ocrx_word' id='word_1_303' title='bbox 1492 3125 1537 3168; x_wconf 87' lang='lat' dir='ltr'><strong><em>P</em></strong></span> <span class='ocrx_word' id='word_1_304' title='bbox 1667 3124 1809 3167; x_wconf 90' lang='lat' dir='ltr'>omnis</span> <span class='ocrx_word' id='word_1_305' title='bbox 1837 3123 1887 3180; x_wconf 73' lang='lat' dir='ltr'>Q,</span> <span class='ocrx_word' id='word_1_306' title='bbox 1908 3124 2109 3167; x_wconf 86' lang='lat' dir='ltr'>homines</span> <span class='ocrx_word' id='word_1_307' title='bbox 2138 3124 2176 3168; x_wconf 80' lang='lat'><em>0</em></span> 
     </span>
     <span class='ocr_line' id='line_1_35' title="bbox 333 3195 2230 3253; baseline 0 -15"><span class='ocrx_word' id='word_1_308' title='bbox 333 3196 361 3238; x_wconf 86' lang='lat'>9</span> <span class='ocrx_word' id='word_1_309' title='bbox 381 3195 538 3251; x_wconf 87' lang='lat' dir='ltr'>lingua</span> <span class='ocrx_word' id='word_1_310' title='bbox 563 3230 571 3238; x_wconf 93' lang='lat'>.</span> <span class='ocrx_word' id='word_1_311' title='bbox 592 3229 601 3238; x_wconf 88' lang='lat'>.</span> <span class='ocrx_word' id='word_1_312' title='bbox 621 3229 630 3239; x_wconf 93' lang='lat'>.</span> <span class='ocrx_word' id='word_1_313' title='bbox 657 3196 829 3240; x_wconf 85' lang='lat' dir='ltr'>scilicet</span> <span class='ocrx_word' id='word_1_314' title='bbox 850 3210 932 3240; x_wconf 87' lang='lat' dir='ltr'>om.</span> <span class='ocrx_word' id='word_1_315' title='bbox 957 3197 1050 3240; x_wconf 87' lang='lat' dir='ltr'>LP</span> <span class='ocrx_word' id='word_1_316' title='bbox 1217 3210 1379 3253; x_wconf 88' lang='lat' dir='ltr'>poenas</span> <span class='ocrx_word' id='word_1_317' title='bbox 1408 3197 1446 3241; x_wconf 79' lang='lat' dir='ltr'><strong><em>G</em></strong></span> <span class='ocrx_word' id='word_1_318' title='bbox 1460 3210 1494 3240; x_wconf 82' lang='lat' dir='ltr'>s.</span> <span class='ocrx_word' id='word_1_319' title='bbox 1518 3197 1544 3239; x_wconf 85' lang='lat' dir='ltr'>l.</span> <span class='ocrx_word' id='word_1_320' title='bbox 1712 3196 1829 3252; x_wconf 89' lang='lat' dir='ltr'>plus]</span> <span class='ocrx_word' id='word_1_321' title='bbox 1852 3195 1954 3251; x_wconf 91' lang='lat' dir='ltr'>pius</span> <span class='ocrx_word' id='word_1_322' title='bbox 1975 3195 2021 3239; x_wconf 82' lang='lat' dir='ltr'><em>R</em></span> <span class='ocrx_word' id='word_1_323' title='bbox 2183 3195 2230 3238; x_wconf 91' lang='lat' dir='ltr'>in</span> 
     </span>
     <span class='ocr_line' id='line_1_36' title="bbox 333 3266 2230 3325; baseline 0.001 -17"><span class='ocrx_word' id='word_1_324' title='bbox 333 3266 491 3322; x_wconf 88' lang='lat' dir='ltr'>lingua</span> <span class='ocrx_word' id='word_1_325' title='bbox 518 3268 599 3312; x_wconf 82' lang='lat' dir='ltr'>GR</span> <span class='ocrx_word' id='word_1_326' title='bbox 732 3268 984 3324; x_wconf 86' lang='lat' dir='ltr'>peccauerit</span> <span class='ocrx_word' id='word_1_327' title='bbox 1009 3268 1058 3325; x_wconf 76' lang='lat' dir='ltr'>Q,</span> <span class='ocrx_word' id='word_1_328' title='bbox 1082 3268 1197 3324; x_wconf 90' lang='lat' dir='ltr'>quod</span> <span class='ocrx_word' id='word_1_329' title='bbox 1218 3270 1477 3324; x_wconf 87' lang='lat' dir='ltr'>peccauerat</span> <span class='ocrx_word' id='word_1_330' title='bbox 1498 3268 1544 3311; x_wconf 91' lang='lat' dir='ltr'><strong><em>P</em></strong></span> <span class='ocrx_word' id='word_1_331' title='bbox 1684 3268 1738 3310; x_wconf 88' lang='lat'>13</span> <span class='ocrx_word' id='word_1_332' title='bbox 1760 3269 1806 3311; x_wconf 89' lang='lat' dir='ltr'>et</span> <span class='ocrx_word' id='word_1_333' title='bbox 1827 3281 1907 3310; x_wconf 86' lang='lat' dir='ltr'>om.</span> <span class='ocrx_word' id='word_1_334' title='bbox 1935 3266 1972 3324; x_wconf 72' lang='lat' dir='ltr'><em>Q</em></span> <span class='ocrx_word' id='word_1_335' title='bbox 2109 3267 2164 3310; x_wconf 85' lang='lat'>14</span> <span class='ocrx_word' id='word_1_336' title='bbox 2183 3268 2230 3309; x_wconf 92' lang='lat' dir='ltr'>in</span> 
     </span>
     <span class='ocr_line' id='line_1_37' title="bbox 333 3329 2172 3396; baseline 0 -15"><span class='ocrx_word' id='word_1_337' title='bbox 333 3339 585 3394; x_wconf 87' lang='lat' dir='ltr'>gehennam</span> <span class='ocrx_word' id='word_1_338' title='bbox 608 3340 663 3392; x_wconf 94' lang='lat' dir='ltr'>P,</span> <span class='ocrx_word' id='word_1_339' title='bbox 687 3340 887 3396; x_wconf 85' lang='lat' dir='ltr'>gehenne</span> <span class='ocrx_word' id='word_1_340' title='bbox 917 3341 954 3385; x_wconf 81' lang='grc' dir='ltr'>Ο</span> <span class='ocrx_word' id='word_1_341' title='bbox 1082 3341 1137 3384; x_wconf 84' lang='grc'>15</span> <span class='ocrx_word' id='word_1_342' title='bbox 1158 3329 1214 3383; x_wconf 64' lang='lat' dir='ltr'>df</span> <span class='ocrx_word' id='word_1_343' title='bbox 1227 3354 1282 3384; x_wconf 76' lang='lat' dir='ltr'>ex</span> <span class='ocrx_word' id='word_1_344' title='bbox 1303 3329 1364 3384; x_wconf 66' lang='grc'>(10</span> <span class='ocrx_word' id='word_1_345' title='bbox 1386 3339 1424 3384; x_wconf 80' lang='lat' dir='ltr'><strong><em>C</em></strong></span> <span class='ocrx_word' id='word_1_346' title='bbox 1551 3339 1756 3395; x_wconf 86' lang='lat' dir='ltr'>patribus</span> <span class='ocrx_word' id='word_1_347' title='bbox 1779 3339 1843 3382; x_wconf 88' lang='lat' dir='ltr'><em>M</em></span> <span class='ocrx_word' id='word_1_348' title='bbox 1860 3338 2093 3395; x_wconf 88' lang='lat' dir='ltr'>(fratribus</span> <span class='ocrx_word' id='word_1_349' title='bbox 2117 3338 2172 3395; x_wconf 74' lang='lat' dir='ltr'>Q)</span> 
     </span>
    </p>
   </div>
   <div class='ocr_carea' id='block_1_6' title="bbox 334 3381 2317 3598">
    <p class='ocr_par' dir='ltr' id='par_1_6' title="bbox 334 3381 2317 3598">
     <span class='ocr_line' id='line_1_38' title="bbox 334 3381 2317 3477; baseline 0 -25"><span class='ocrx_word' id='word_1_350' title='bbox 334 3410 389 3477; x_wconf 57' lang='lat'>13</span> <span class='ocrx_word' id='word_1_351' title='bbox 412 3410 614 3467; x_wconf 87' lang='lat' dir='ltr'>quisquis</span> <span class='ocrx_word' id='word_1_352' title='bbox 635 3426 662 3456; x_wconf 86' lang='lat' dir='ltr'><strong><em>v</em></strong></span> <span class='ocrx_word' id='word_1_353' title='bbox 836 3411 891 3455; x_wconf 89' lang='grc'>18</span> <span class='ocrx_word' id='word_1_354' title='bbox 911 3413 1151 3468; x_wconf 85' lang='lat' dir='ltr'>negaretur</span> <span class='ocrx_word' id='word_1_355' title='bbox 1180 3412 1261 3469; x_wconf 77' lang='lat' dir='ltr'>OQ</span> <span class='ocrx_word' id='word_1_356' title='bbox 1436 3412 1490 3455; x_wconf 88' lang='lat'>19</span> <span class='ocrx_word' id='word_1_357' title='bbox 1518 3397 1690 3454; x_wconf 56' lang='lat' dir='ltr'>dss‘ds‘</span> <span class='ocrx_word' id='word_1_358' title='bbox 1712 3410 1913 3467; x_wconf 90' lang='lat' dir='ltr'>loquitur</span> <span class='ocrx_word' id='word_1_359' title='bbox 1943 3409 1994 3466; x_wconf 76' lang='lat' dir='ltr'>Q,</span> <span class='ocrx_word' id='word_1_360' title='bbox 2029 3409 2229 3465; x_wconf 90' lang='lat' dir='ltr'>loquitur</span> <span class='ocrx_word' id='word_1_361' title='bbox 2315 3381 2317 3386; x_wconf 22' lang='lat'>⁸</span> 
     </span>
     <span class='ocr_line' id='line_1_39' title="bbox 335 3480 2231 3552; baseline 0 -28"><span class='ocrx_word' id='word_1_362' title='bbox 335 3480 386 3524; x_wconf 85' lang='lat' dir='ltr'>ds</span> <span class='ocrx_word' id='word_1_363' title='bbox 414 3482 495 3526; x_wconf 85' lang='lat' dir='ltr'>CR</span> <span class='ocrx_word' id='word_1_364' title='bbox 661 3483 720 3526; x_wconf 83' lang='lat'>20</span> <span class='ocrx_word' id='word_1_365' title='bbox 739 3483 992 3539; x_wconf 83' lang='lat' dir='ltr'>superbiam</span> <span class='ocrx_word' id='word_1_366' title='bbox 1020 3482 1058 3540; x_wconf 75' lang='lat' dir='ltr'><strong><em>Q</em></strong></span> <span class='ocrx_word' id='word_1_367' title='bbox 1230 3484 1287 3527; x_wconf 79' lang='lat'>23</span> <span class='ocrx_word' id='word_1_368' title='bbox 1310 3485 1448 3550; x_wconf 76' lang='lat' dir='ltr'>agent</span> <span class='ocrx_word' id='word_1_369' title='bbox 1469 3495 1555 3552; x_wconf 75' lang='lat' dir='ltr'>non</span> <span class='ocrx_word' id='word_1_370' title='bbox 1584 3482 1621 3527; x_wconf 80' lang='lat' dir='ltr'><strong><em>G</em></strong></span> <span class='ocrx_word' id='word_1_371' title='bbox 1786 3481 2079 3537; x_wconf 85' lang='lat' dir='ltr'>impietatem.</span> <span class='ocrx_word' id='word_1_372' title='bbox 2101 3480 2231 3524; x_wconf 86' lang='lat' dir='ltr'>Nune</span> 
     </span>
     <span class='ocr_line' id='line_1_40' title="bbox 339 3552 517 3598; baseline 0.022 -4"><span class='ocrx_word' id='word_1_373' title='bbox 339 3552 448 3595; x_wconf 84' lang='lat' dir='ltr'>item</span> <span class='ocrx_word' id='word_1_374' title='bbox 480 3554 517 3598; x_wconf 81' lang='grc' dir='ltr'>Ο</span> 
     </span>
    </p>
   </div>
  </div>
 </body>
</html>
