2332 3978
785 265 859 308 De
889 262 1251 307 mortalitate
1284 275 1318 305 c.
1351 261 1418 305 2-
1437 262 1476 305 5.
1962 263 2066 318 299

191 401 372 454 sitione
416 412 623 450 securus
667 394 862 460 accepit
905 393 959 445 in
1001 407 1184 444 manus
1227 406 1446 457 puerum
1482 393 1533 443 et
1568 390 1870 444 benedicens
1897 393 2066 445 Deum

187 483 494 540 exclamauit
537 482 587 533 et
632 480 796 533 dixit:
860 493 1027 531 nunc
1065 476 1358 529 dimittis
1397 491 1654 528 seruum
1691 477 1896 541 tuum,
1944 477 2063 530 Do-

185 570 377 633 mine,
430 566 792 621 secundum
848 564 1113 617 uerbum
1170 564 1352 615 tuum
1408 561 1471 614 in
1525 577 1701 627 pace,
1763 563 2059 629 quoniam

183 655 490 708 uiderunt
536 652 719 705 oculi
773 651 891 704 mei
929 650 1289 702 salutarem
1328 648 1535 711 tuum,
1599 647 1818 715 probans
1866 648 2078 702 scilicet.

123 761 142 791 ⁵
182 741 346 807 adque
373 739 662 793 contestans
689 738 814 789 tunc
839 751 948 789 esse
974 734 1136 788 seruis
1162 734 1260 786 Dei
1286 749 1492 801 pacem,
1520 734 1646 785 tunc
1670 732 1907 798 liberam,
1936 735 2060 788 tunc

179 826 515 892 tranquillam
542 824 794 891 quietem,
836 822 1035 888 quando
1074 822 1135 873 de
1174 820 1290 872 istis
1317 819 1499 872 mundi
1524 818 1818 871 turbinibus
1845 821 2060 873 extracti

179 911 312 970 sedis
339 912 390 963 et
417 909 709 963 securitatis
737 908 969 961 aeternae
994 908 1203 973 portum
1230 905 1540 973 petiuimUS,
1582 905 1782 973 quando
1810 907 2060 972 expuncta

178 998 273 1050 hac
298 998 462 1050 morte
488 996 553 1048 ad
577 993 1031 1047 immortalitatem
1056 992 1311 1045 uenimus
1351 991 1446 1044 illa
1475 993 1553 1044 est
1580 992 1717 1044 enim
1741 994 1920 1044 nostra
1944 1008 2058 1059 an,

176 1081 269 1134 illa
293 1081 396 1133 fida
419 1079 800 1147 tranquillitaS‚
841 1079 935 1131 illa
960 1078 1167 1131 stabilis
1193 1079 1244 1130 et
1269 1078 1420 1131 firma
1447 1078 1497 1130 et
1521 1078 1769 1145 perpetua
1795 1078 2057 1131 securitas

118 1186 159 1218 ιο
249 1165 488 1219 Ceterum
515 1165 640 1233 quid
666 1165 810 1218 aliud
835 1165 887 1218 in
915 1164 1106 1217 mundo
1134 1181 1288 1232 quam
1322 1180 1497 1233 pugna
1522 1165 1766 1218 aduersus
1794 1165 2058 1218 diabolum
2079 1175 2108 1226 4

175 1253 363 1307 cotidie
390 1252 613 1321 geritur,
655 1267 808 1319 quam
844 1252 1090 1304 aduersus
1127 1251 1294 1304 iacula
1321 1251 1430 1304 eius
1458 1252 1509 1303 et
1534 1251 1640 1304 tela
1666 1250 2058 1304 conflictationi-

173 1339 268 1391 bus
307 1338 538 1391 adsiduis
577 1337 892 1390 dimicatur?
932 1353 1048 1390 cum
1087 1337 1310 1390 auaritia
1347 1337 1522 1402 nobis,
1574 1352 1692 1391 cum
1730 1338 2056 1405 inpudicitia,

174 1440 291 1477 cum
317 1424 419 1489 ira,
460 1440 577 1476 cum
603 1423 885 1476 ambitione
925 1423 1212 1492 congressio
1250 1424 1353 1488 est,
1395 1439 1513 1476 cum
1557 1423 1846 1478 carnalibus
1891 1424 2055 1490 uitiis,

32 1570 53 1578 st
172 1525 290 1563 cum
327 1509 596 1563 inlecebris
636 1509 985 1563 saecularibus
1012 1509 1229 1562 adsidua
1256 1511 1308 1563 et
1334 1510 1552 1563 molesta
1577 1510 1812 1564 luctatio.
1854 1510 2058 1564 obsessa

32 1603 53 1647 j
113 1607 153 1640 ¹⁵
171 1611 314 1649 mens
339 1596 562 1648 hominis
590 1596 640 1648 et
666 1596 891 1663 undique
917 1596 1111 1649 diaboli
1138 1596 1470 1650 infestatione
1498 1597 1693 1650 uallata
1719 1597 1808 1650 uix
1834 1596 2056 1650 occurrit

172 1681 418 1750 singuliS,
476 1682 564 1734 uix
588 1682 814 1735 resistit:
856 1682 901 1734 si
926 1683 1150 1736 auaritia
1174 1683 1433 1750 prostrata
1459 1684 1562 1748 est,
1604 1683 1836 1752 exsurgit
1861 1683 2051 1736 libido:

173 1767 217 1819 si
241 1766 408 1819 libido
436 1781 702 1834 conpressa
728 1769 828 1833 est,
871 1768 1098 1822 succedit
1137 1769 1381 1822 ambitio:
1422 1770 1466 1822 si
1506 1770 1721 1823 ambitio
1762 1770 2054 1836 contempta

169 1853 270 1917 est,
309 1853 387 1905 ira
430 1854 719 1920 exasperat,
759 1853 905 1907 inflat
948 1855 1215 1922 superbia,
1255 1856 1538 1909 uinolentia
1580 1856 1800 1920 inuitat,
1854 1856 2053 1909 inuidia

167 1939 487 1993 concordiam
530 1940 753 2008 rumpit,
810 1941 1095 1994 amicitiam
1149 1942 1287 1995 zelus
1341 1943 1575 1996 abscidit.
1649 1943 1844 2011 cogeris
1888 1943 2051 1995 male-

107 2041 151 2075 20
167 2025 332 2078 dicere
371 2027 505 2093 quod
543 2026 721 2079 diuina
757 2027 838 2079 lex
876 2028 1139 2094 prohibet,
1199 2029 1504 2097 conpelleris
1555 2029 1720 2082 iurare
1768 2030 1903 2096 quod
1950 2044 2050 2081 non

45 2108 47 2111 ’
164 2111 302 2165 licet.

237 2198 334 2249 Tot
359 2198 736 2265 persecutiones
764 2201 951 2254 cotidie
977 2202 1178 2254 animus
1204 2203 1427 2269 patitur,
1486 2204 1565 2255 tot
1599 2203 1842 2270 periculis
1868 2203 2046 2270 pectus
2072 2216 2098 2265 5

24 2269 43 2350 ξς
163 2286 403 2350 urgetur:
434 2284 485 2336 et
511 2284 731 2336 delectat
755 2285 839 2338 hic
864 2287 1001 2340 inter
1027 2288 1220 2341 diaboli
1246 2290 1446 2358 gladios
1473 2290 1564 2342 diu
1591 2291 1761 2343 stare?
1789 2307 1907 2343 cum
1933 2306 2045 2343 ma-

42 2427 45 2429 ,
164 2367 245 2436 gis
284 2369 746 2436 concupiscendum
785 2373 854 2425 sit
893 2375 944 2426 et
982 2375 1266 2441 optandum
1304 2376 1368 2428 ad
1406 2374 1671 2429 Christum
1710 2377 2044 2430 subueniente

32 2468 34 2470 ·
103 2478 144 2512 2⁵
161 2454 387 2506 uelocius
426 2456 590 2509 morte
627 2471 895 2524 properare
932 2459 1041 2526 ipso
1079 2461 1365 2514 instruente
1390 2478 1480 2515 nos
1507 2464 1558 2515 et
1584 2463 1814 2516 dicente:
1868 2479 2044 2516 amen

28 2533 29 2536 ’
160 2553 333 2592 amen
372 2539 515 2593 dico
554 2542 744 2596 uobis
784 2545 1094 2611 quoniam
1141 2561 1251 2600 uos
1289 2547 1643 2614 plorabitis
1683 2549 1742 2600 et
1779 2549 2042 2617 plange-

157 2624 271 2689 tis,
331 2628 660 2681 saeculum
699 2632 914 2683 autem
953 2632 1300 2700 gaudebit:
1359 2649 1468 2687 uos
1526 2635 1756 2688 tristes
1815 2636 2038 2701 eritis,

326 2798 353 2840 2
383 2798 487 2842 Luc.
510 2800 549 2852 2,
573 2800 628 2843 29
651 2814 713 2857 sq.
806 2802 862 2846 25
895 2803 957 2847 Io.
982 2803 1048 2857 16,
1072 2805 1139 2849 20.

241 2940 265 2982 1
296 2953 476 2985 manum
506 2942 546 2986 G
651 2944 879 2989 dominum
908 2947 975 2991 Gv
1091 2948 1118 2990 2
1149 2950 1463 2995 exclamauit..
1484 2952 1679 2997 ‚domine
1701 2967 1780 2998 om.
1814 2956 1853 3000 G
1971 2956 2038 3000 di—

153 3010 308 3054 mittes
332 3011 385 3065 S,
418 3012 624 3058 dimittas
646 3016 709 3060 W'
793 3017 823 3060 4
854 3018 1051 3062 salutare
1080 3020 1262 3066 OWGv
1349 3023 1376 3066 5
1409 3023 1567 3081 adque]
1592 3028 1640 3069 at
1670 3026 1710 3069 G
1729 3028 1808 3070 sed
1830 3030 1850 3071 t
1871 3029 1923 3071 in
1944 3042 2034 3072 ras.

152 3095 205 3126 m.
228 3085 258 3127 2
346 3084 370 3127 7
392 3085 585 3140 petimus
604 3086 787 3133 OWGv
874 3090 901 3133 8
924 3091 1270 3137 immortalitate
1290 3094 1327 3138 O
1415 3098 1586 3153 nostra]
1608 3111 1713 3141 uera
1725 3099 1952 3143 Balum'us

151 3154 208 3196 -10
237 3153 469 3199 diabulum
502 3156 580 3202 SO
606 3159 675 3202 ita
703 3161 887 3216 saepius
1032 3164 1085 3207 11
1117 3165 1310 3221 geritur]
1336 3168 1566 3222 quaeritur
1598 3169 1636 3213 S
1776 3171 1830 3213 12
1860 3171 2036 3227 inpudi-

151 3223 259 3268 titia
288 3225 325 3280 O
441 3228 496 3271 14
526 3230 818 3285 conluctati03
851 3235 920 3276 est
957 3234 1017 3288 G,
1050 3235 1238 3292 luctatio
1268 3240 1337 3281 est
1375 3238 1498 3284 OWv
1529 3245 1571 3284 et
1591 3242 1787 3298 Auyust.
1821 3244 1846 3286 Z.
1881 3257 1914 3287 c.
1947 3244 2034 3296 IV,

151 3298 193 3348 9,
217 3299 287 3341 27.
311 3302 352 3342 et
373 3304 535 3343 eontra
556 3301 798 3346 Iulianum
812 3304 1123 3362 Pelayianum
1140 3309 1206 3360 II,
1230 3314 1274 3362 8,
1291 3313 1354 3354 25
1433 3312 1488 3355 15
1509 3312 1717 3368 undique]
1741 3314 1896 3370 utique
1915 3314 1953 3358 S

153 3367 206 3412 16
234 3371 461 3424 prostrata
482 3373 735 3429 contempta
763 3375 805 3419 G
950 3378 1004 3421 18
1034 3379 1289 3424 uinulentia
1307 3383 1370 3427 W
1511 3384 1696 3441 inuitat]
1729 3385 1884 3428 irritat
1913 3388 2028 3430 coni.

152 3437 306 3484 Routh
415 3441 469 3484 19
500 3442 723 3489 abscindit
743 3460 770 3490 v
877 3448 933 3491 22
961 3452 1282 3505 persecutionis
1307 3453 1345 3497 S
1443 3455 1616 3497 animus
1640 3456 1800 3499 cotidie
1829 3457 1965 3503 WGv
1988 3463 2031 3502 et

150 3509 334 3566 Auyust
351 3512 377 3555 l.
398 3525 430 3556 c.
512 3513 569 3556 23
591 3518 808 3571 urguetur
837 3518 924 3563 GO
1002 3521 1192 3578 gladios]
1208 3524 1388 3579 laqueos
1411 3525 1586 3581 aliquot
1599 3526 1936 3585 codd.Au9ust.

151 3580 207 3624 26
239 3595 316 3626 uos
345 3585 405 3630 W
424 3598 457 3628 s.
481 3586 508 3629 l.
532 3600 587 3630 m.
609 3591 640 3631 2
742 3590 1018 3648 plangebitis
1047 3594 1088 3638 G
1197 3596 1251 3639 27
1282 3596 1431 3640 tristis
1461 3597 1498 3641 Ο
