2332 3978
704 271 778 314 De
809 269 1171 313 mortalitate
1211 283 1244 313 c.
1279 270 1461 315 20—23.
1917 234 2020 326 311

149 401 251 455 tari
277 401 327 453 et
351 398 618 452 reformari
644 398 709 451 ad
734 397 928 451 Christi
954 399 1177 466 speciem
1204 400 1255 451 et
1280 399 1345 452 ad
1371 400 1605 454 caelestis
1629 401 1826 471 gratiae
1847 400 2022 470 digni-

149 486 308 540 tatem
329 484 482 537 citius
502 485 739 552 exoptet?
765 484 928 537 Paulo
946 485 1172 551 apostolo
1193 486 1532 552 praedicante,
1560 502 1632 539 no
1645 489 1741 540 str
1754 504 1783 541 a
1809 489 2022 541 autem

149 571 582 635 conuersatiO,
640 571 837 638 inquit,
876 573 940 625 in
980 572 1179 625 caelis
1219 574 1340 637 est,
1381 573 1544 625 unde
1582 575 1644 626 et
1681 574 2021 626 Dominum

147 659 554 726 expectamus
592 658 806 711 Iesum
832 659 1167 712 Christum
1205 660 1312 727 qui
1349 659 1859 713 transformabit
1893 674 2023 712 cor·
2093 666 2097 671 ’

88 759 106 791 ⁸
144 760 255 815 pus
292 744 700 798 humilitatis
738 748 996 799 nostrae
1035 745 1510 799 conformatum
1547 746 1800 813 corpori
1838 745 2022 797 clari-

140 831 300 884 tatis
338 846 502 884 suae.
553 831 682 883 tales
718 846 808 884 nos
845 831 1046 884 futuros
1081 833 1134 885 et
1171 831 1406 885 Christus
1440 831 1694 884 Dominus
1730 830 2022 898 pollicetur,

142 917 341 985 quando
380 918 439 969 ut
476 933 594 970 cum
631 917 723 969 illo
762 918 925 971 simus
953 918 1005 971 et
1031 933 1148 971 cum
1174 917 1264 970 illo
1290 918 1345 970 in
1371 917 1595 971 aeternis
1623 916 1830 969 sedibus
1859 916 2024 983 adque

139 1004 193 1057 in
233 1002 402 1072 regnis
468 1003 772 1057 caelestibus
828 1005 1147 1073 gaudeamus
1204 1004 1405 1070 patrem
1455 1018 1544 1070 pro
1592 1002 1738 1055 nobis
1785 1003 2024 1069 precatur

0 1078 2 1160 ἶ
142 1089 335 1142 dicens:
364 1091 576 1156 pater,
617 1104 779 1157 quos
817 1090 977 1142 mihi
1016 1089 1266 1142 dedisti
1305 1090 1447 1143 uolo
1486 1090 1554 1141 ut
1592 1089 1700 1142 ubi
1738 1103 1849 1157 ego
1887 1104 2023 1141 sum

85 1177 207 1229 1⁰et
258 1176 389 1242 ipsi
445 1175 580 1227 sint
631 1192 877 1228 mecum
934 1178 995 1228 et
1049 1176 1322 1229 uideant
1386 1176 1773 1229 claritatem
1834 1191 2023 1242 quam

139 1261 307 1315 mihi
345 1261 596 1314 dedisti
643 1261 1020 1328 priusquam
1066 1262 1337 1314 mundus
1386 1261 1606 1315 fieret.
1664 1263 1913 1314 uenturus
1956 1259 2022 1313 ad

141 1347 331 1401 Christi
376 1347 573 1411 sedem,
630 1348 695 1399 ad
732 1363 1007 1417 regnorum
1045 1347 1344 1400 caelestium
1381 1348 1673 1401 claritatem
1710 1348 1885 1416 lugere
1921 1363 2022 1400 non

140 1434 290 1486 debet
337 1435 388 1486 et
437 1434 679 1502 plangere
735 1433 823 1486 sed
879 1433 1051 1500 potius
1109 1433 1388 1486 secundum
1436 1434 1866 1500 pollicitationem
1914 1434 2021 1485 Do-

34 1578 36 1582 ,
139 1519 294 1583 mini,
332 1519 610 1573 secundum
636 1519 792 1572 fidem
818 1520 927 1573 ueri
954 1519 1008 1572 in
1032 1519 1345 1587 profectione
1369 1520 1466 1573 hac
1493 1536 1585 1573 sua
1611 1521 1661 1573 et
1685 1520 2021 1574 translatione

83 1622 122 1654 ιε
139 1605 373 1675 gaudere.

211 1690 294 1744 Sic
320 1691 537 1759 denique
562 1691 855 1745 inuenimus
883 1692 935 1745 et
959 1692 1134 1746 Enoch
1159 1693 1475 1746 translatum
1502 1709 1610 1746 esse
1637 1694 1725 1760 qui
1760 1692 1868 1746 Deo
1904 1694 2017 1759 pla-
2036 1698 2102 1749 23

141 1777 271 1841 cuit,
311 1777 444 1829 sicut
480 1777 534 1829 in
573 1776 757 1830 Genesi
794 1778 1016 1831 testatur
1054 1779 1105 1832 et
1142 1779 1373 1846 loquitur
1410 1779 1666 1847 scriptura
1705 1779 1906 1831 diuina:
1957 1782 2019 1832 et

135 1863 386 1930 placuit
422 1863 636 1916 Enoch
672 1864 797 1916 Deo
836 1864 900 1916 et
936 1879 1054 1917 non
1092 1865 1191 1917 est
1227 1865 1534 1919 inuentus
1571 1865 2018 1933 postmodum,

25 2003 39 2022 .-.
137 1949 289 2017 quia
325 1950 493 2002 Deus
540 1949 735 2002 illum
786 1950 1168 2004 transtulit.
1226 1952 1320 2004 hoc
1364 1951 1465 2004 fuit
1509 1952 1761 2019 placuisse
1805 1953 1860 2004 in
1900 1967 2021 2005 con-

16 2028 48 2114 3}
77 2047 121 2081 ὀ
136 2035 312 2101 spectu
336 2035 435 2088 Dei
461 2035 521 2087 de
546 2035 641 2087 hoc
666 2036 900 2105 contagio
929 2036 1119 2089 saeculi
1144 2037 1391 2091 meruisse
1412 2037 1697 2091 transferri.
1740 2039 1828 2091 sed
1854 2039 1906 2090 et
1930 2054 2022 2105 per

15 2115 45 2198 ²}
135 2119 459 2175 Salomonem
483 2121 630 2174 docet
655 2119 880 2188 Spiritus
907 2123 1112 2176 sanctus
1140 2138 1224 2176 eos
1251 2123 1339 2191 qui
1366 2124 1473 2176 Deo
1499 2124 1734 2192 placeant
1760 2125 2019 2176 maturius

131 2206 287 2260 istinc
314 2206 469 2259 eximi
494 2207 546 2259 et
573 2207 728 2260 citius
753 2207 991 2273 liberari,
1031 2225 1094 2261 ne
1120 2209 1246 2262 dum
1270 2209 1325 2262 in
1350 2210 1451 2262 isto
1479 2211 1670 2263 mundo
1698 2210 1895 2263 diutius
1935 2210 2017 2262 in-

131 2293 397 2345 morantur
432 2292 614 2345 mundi
659 2293 979 2346 contactibus
1014 2294 1337 2362 polluantur:
1397 2313 1422 2349 r
1437 2297 1621 2364 aptus
1660 2298 1760 2349 est
1808 2294 2013 2367 [inquit]

130 2394 206 2431 ne
231 2378 498 2431 malitia
523 2381 812 2433 mutaret
848 2380 1275 2433 intellectum
1313 2382 1523 2435 illius
1564 2383 1813 2449 placita
1851 2382 2015 2435 enim
2101 2395 2104 2401 “

74 2465 276 2518 aetat
310 2465 439 2518 Deo
478 2465 688 2518 anima
725 2466 876 2519 eius
934 2467 1205 2535 propter
1251 2467 1369 2520 hoc
1422 2469 1809 2536 properauit
1866 2470 2016 2521 edu-

132 2565 267 2605 cere
306 2567 447 2604 eum
487 2551 558 2604 de
595 2552 807 2605 media
844 2553 1225 2620 iniquitate.
1267 2554 1341 2606 sic
1366 2554 1496 2607 etin
1521 2555 1737 2622 psalmis
1764 2555 1828 2608 ad
1846 2555 2016 2607 Deum

299 2723 327 2766 2
357 2723 475 2767 Phil.
498 2723 538 2776 3,
561 2724 618 2767 20
634 2736 698 2779 sq.
790 2725 817 2767 9
848 2724 911 2768 Io.
931 2724 997 2777 17,
1016 2724 1084 2768 24.
1175 2726 1228 2768 17
1252 2727 1359 2770 Gren.
1379 2727 1420 2779 5,
1436 2727 1502 2771 24.
1593 2727 1649 2770 23
1672 2726 1771 2783 Sap.
1793 2727 1835 2778 4,
1855 2727 1921 2779 11,
1945 2727 2013 2773 14.

218 2867 243 2910 1
273 2866 589 2911 transformari
610 2868 836 2912 Baluzius
968 2869 1161 2925 gratiae]
1183 2869 1352 2926 gloriae
1373 2885 1401 2915 v
1535 2871 1563 2914 2
1594 2870 1729 2914 citius
1753 2870 1789 2914 S
1797 2869 2014 2922 OWGV,

131 2939 285 2984 uenire
306 2940 440 2983 citius
460 2954 487 2985 v
574 2939 859 2996 praedicante
881 2942 928 2984 et
948 2940 1124 2985 dicente
1146 2957 1174 2987 v
1260 2943 1289 2986 3
1318 2943 1367 2986 in
1388 2943 1524 2987 caelis
1548 2944 1631 2998 est]
1655 2942 1860 2986 caelestis
1886 2942 1928 2985 G-

83 3048 96 3063 „
126 3010 156 3053 4
184 3011 524 3055 transformauit
546 3010 743 3057 SWGO
871 3012 899 3055 5
930 3012 1266 3057 comformatum
1288 3013 1346 3066 S,
1377 3014 1700 3071 configuratum
1721 3028 1748 3058 v
1881 3015 1907 3057 6
1940 3013 2011 3057 fu-

126 3082 250 3126 turos
270 3094 351 3126 om.
378 3082 419 3127 G
503 3082 732 3138 pollicitur
755 3083 792 3127 O
879 3083 903 3126 7
926 3084 997 3140 ut]
1020 3085 1065 3127 et
1094 3084 1137 3128 G
1224 3099 1373 3129 sumus
1385 3085 1422 3129 S
1428 3085 1469 3130 G
1556 3086 1672 3142 cum]
1694 3099 1793 3129 cum
1811 3086 1859 3128 in
1884 3084 1927 3128 G

128 3152 304 3197 sedibus
313 3152 524 3206 SWGV,
543 3153 718 3198 sedibus
733 3156 935 3198 uiuamus
953 3155 1017 3201 Ov
1095 3155 1192 3212 adq.
1212 3156 1260 3200 in
1272 3171 1307 3200 r.
1326 3157 1431 3201 cael.
1444 3169 1526 3201 om.
1547 3157 1590 3202 G
1667 3158 1694 3200 9
1715 3170 1813 3200 sum
1826 3156 1873 3208 S,
1890 3155 2012 3198 fuero

136 3223 316 3270 OWGv
404 3225 460 3269 10
490 3227 535 3269 et
554 3226 643 3282 ipsi
663 3226 756 3270 sint
777 3240 832 3270 ex
852 3226 996 3282 ipsint
1020 3228 1145 3271 Wm.
1167 3231 1198 3272 2
1286 3228 1341 3272 13
1371 3229 1431 3284 et]
1454 3241 1532 3272 nec
1552 3242 1579 3272 v
1675 3228 1730 3271 14
1759 3227 1872 3283 ueri]
1895 3226 2012 3269 ueri-

130 3294 286 3340 tatis'v
297 3329 307 3349 ‚
330 3295 458 3339 uerbi
477 3297 651 3353 aliquot
666 3297 839 3342 codices
851 3331 861 3351 ‚
897 3298 1025 3342 uerbi
1040 3299 1250 3343 ueritatis
1267 3299 1582 3355 reponendum
1604 3303 1753 3343 censet
1768 3298 1926 3342 Routh

129 3366 395 3423 professione
417 3366 455 3411 S
566 3367 650 3412 hac
684 3382 765 3413 om.
789 3369 828 3413 S
957 3370 1298 3415 translationem
1333 3371 1547 3427 gauderes
1576 3371 1613 3414 O
1728 3369 1785 3412 20
1815 3368 1905 3425 sed]
1946 3370 2014 3420 sic

129 3437 394 3495 Krabinyer
479 3439 534 3482 21
567 3439 835 3484 salamonem
862 3439 899 3485 Ο
985 3442 1163 3497 placent
1192 3442 1257 3485 G¹
1364 3442 1420 3486 22
1452 3441 1568 3484 stine
1589 3440 1626 3484 S
1730 3440 2010 3484 inmorantur

137 3507 241 3552 Ws.
264 3509 292 3552 l.
313 3523 369 3553 m.
392 3512 426 3553 2
446 3517 449 3520 ⁴
553 3510 609 3554 23
640 3511 979 3568 contagionibus
1000 3514 1065 3559 W
1190 3513 1341 3570 inquit
1364 3526 1444 3556 om.
1470 3511 1509 3556 S
1515 3511 1667 3556 WGO
1806 3510 1862 3554 25
1893 3511 2007 3568 eius]

138 3577 263 3623 illius
286 3579 323 3624 S
435 3580 492 3624 26
521 3580 575 3624 de
602 3581 749 3626 media
781 3582 1026 3639 iniquitate
1061 3583 1242 3628 educere
1279 3584 1410 3627 illum
1437 3582 1476 3627 Ο
1590 3581 1815 3626 dominum
1838 3581 1875 3626 S
1880 3585 1921 3626 1υ
