2332 3978
311 283 421 338 410
982 277 1222 323 Caecilii
1251 275 1520 334 Cypriani

315 410 621 464 tientiam
667 408 855 474 habe,
904 408 1202 475 quoniam
1239 408 1302 460 in
1340 407 1487 475 igne
1524 405 1842 472 probatur
1878 422 2102 460 aurum
2140 407 2204 463 et
2284 439 2285 443 =

317 497 673 565 argentum.

234 586 295 638 18
391 582 474 636 Sic
500 582 591 635 Iob
619 584 939 637 examinatus
966 584 1045 637 est
1071 584 1122 636 et
1147 582 1392 649 probatus
1432 581 1484 634 et
1522 581 1589 634 ad
1626 595 1894 634 summum
1929 580 2205 651 fastigium

316 668 486 722 laudis
511 669 792 735 patientiae
817 669 1016 722 uirtute
1051 670 1340 737 prouectus.
1400 667 1595 734 quanta
1640 666 1886 721 aduersus
1927 683 2046 721 eum
2091 668 2204 721 dia·
2296 716 2298 721 .

319 755 425 808 boli
452 755 619 807 iacula
645 755 857 820 emissa,
898 756 1090 823 quanta
1129 754 1340 808 admota
1364 752 1638 806 tormenta.
1690 752 1890 807 iactura
1929 753 2005 807 rei
2049 754 2205 808 fami-
2242 769 2262 802 ⁵
2298 756 2300 777 ³

319 841 463 893 liaris
502 841 789 911 infligitur,
828 856 1127 895 numerosae
1165 839 1362 892 subolis
1401 839 1594 892 orbitas
1632 840 1927 910 inrogatur:
1967 841 2113 894 diues
2151 840 2207 894 in
2300 900 2305 905 ,

321 943 474 980 censu
500 929 738 983 dominus
767 931 818 982 et
844 930 898 982 in
923 929 1100 981 liberis
1126 927 1274 995 pater
1299 926 1458 980 ditior
1493 942 1586 980 nec
1612 927 1851 980 dominus
1878 930 2086 996 repente
2113 944 2207 982 nec

319 1016 468 1080 pater
503 1017 594 1068 est.
635 1015 829 1067 accedit
868 1015 1140 1067 uulnerum
1180 1013 1397 1066 uastitas
1437 1014 1488 1066 et
1529 1014 1848 1068 tabescentes
1891 1030 1948 1068 ac
1990 1014 2206 1068 fluentes

321 1102 467 1154 artus
491 1099 750 1155 'uermium
780 1116 977 1168 quoque
1005 1100 1134 1154 edax
1159 1115 1320 1168 poena
1348 1101 1621 1153 consumit.
1663 1117 1722 1155 ac
1758 1116 1821 1154 ne
1847 1102 1973 1169 quid
2000 1100 2206 1154 omnino

320 1191 606 1242 remaneret
627 1189 760 1256 quod
778 1204 878 1241 non
898 1188 991 1241 Iob
1013 1189 1067 1241 in
1094 1188 1201 1240 suis
1222 1187 1657 1255 temptationibus
1679 1188 2011 1257 experiretur,
2039 1186 2208 1240 armat
2222 1207 2265 1241 ιο
2314 1198 2332 1280 3

319 1275 556 1328 diabolus
600 1277 651 1327 et
696 1291 903 1328 uxorem
947 1275 1039 1328 illo
1085 1275 1294 1341 antiquo
1338 1275 1599 1342 nequitiae
1645 1290 1765 1328 suae
1809 1291 1932 1328 usus
1982 1275 2204 1345 ingenie,
2319 1272 2332 1338 ἓ

320 1361 464 1428 quasi
504 1376 676 1414 omnes
714 1378 803 1429 per
840 1362 1110 1414 mulierem
1137 1361 1368 1428 decipere
1394 1362 1568 1429 posset
1596 1362 1647 1414 et
1673 1361 1879 1427 fallere,
1919 1363 2056 1430 quod
2081 1363 2206 1417 fecit

318 1449 372 1500 in
399 1448 610 1516 origine.
669 1464 761 1501 nec
806 1450 983 1501 tamen
1026 1447 1116 1500 Iob
1162 1448 1410 1517 grauibus
1447 1449 1498 1500 et
1535 1449 1706 1501 densis
1734 1448 2205 1503 conflictationibus

319 1533 574 1603 frangitur
601 1535 872 1602 quominus
899 1535 1034 1587 inter
1060 1535 1179 1587 illas
1207 1535 1471 1603 angustias
1511 1536 1562 1587 et
1599 1550 1864 1603 pressuras
1907 1536 2006 1588 Dei
2050 1536 2204 1590 bene-

319 1621 476 1674 dictio
503 1622 716 1675 uictrice
742 1622 994 1690 patientia
1019 1622 1358 1690 praedicetur.
1401 1622 1588 1674 Tobias
1610 1638 1810 1689 quoque
1829 1623 1946 1689 post
1971 1622 2204 1675 iustitiae
2220 1638 2261 1670 15

317 1708 368 1758 et
394 1707 772 1760 misericordiae
799 1723 919 1760 suae
946 1723 1096 1775 opera
1123 1708 1398 1777 magnifica
1425 1707 1686 1760 luminum
1724 1708 1996 1761 amissione
2033 1710 2203 1776 temp-

317 1796 459 1847 tatus
487 1795 540 1847 in
567 1797 816 1862 quantum
842 1796 1099 1864 patienter
1125 1795 1425 1848 eaecitatem
1450 1795 1671 1862 pertulit
1708 1795 1763 1847 in
1800 1796 2007 1849 tantum
2046 1811 2201 1865 gran-

317 1882 451 1933 diter
477 1883 643 1934 Deum
669 1883 950 1950 patientiae
976 1883 1125 1935 laude
1151 1882 1452 1949 promeruit.

238 1969 300 2019 19
389 1969 573 2036 Adque
618 1972 677 2022 ut
721 1971 916 2040 magis,
957 1970 1142 2024 fratres
1190 1971 1544 2035 dilectissimi,
1584 1970 1864 2037 patientiae
1890 1971 2082 2023 bonum
2117 1970 2200 2022 lu-

318 2058 454 2120 ceat,
496 2058 618 2123 quid
662 2058 791 2110 mali
833 2073 858 2109 e
903 2058 1152 2110 contrario
1197 2057 1505 2125 inpatientia
1542 2057 1767 2124 inportet
1806 2057 2200 2110 consideremus
2217 2068 2258 2101 20

316 2159 436 2195 nam
464 2146 522 2196 ut
548 2144 800 2210 patientia
826 2144 1019 2196 bonum
1046 2143 1241 2197 Christi
1269 2144 1371 2208 est,
1412 2144 1487 2197 ita
1526 2145 1704 2197 contra
1742 2142 2050 2210 inpatientia
2087 2157 2200 2194 ma-

316 2229 425 2281 lum
466 2230 656 2282 diaboli
698 2231 799 2295 est,
842 2232 893 2283 et
932 2231 1067 2285 sicut
1103 2232 1158 2283 in
1196 2248 1295 2298 quo
1333 2231 1539 2284 habitat
1566 2231 1617 2283 et
1643 2231 1820 2284 manet
1848 2228 2084 2282 Christus
2109 2243 2202 2295 pa-

316 2317 449 2368 tiens
476 2316 759 2380 inuenitur,
801 2317 874 2369 ita
911 2317 1167 2384 inpatiens
1208 2334 1410 2386 semper
1448 2317 1624 2370 existit
1663 2316 1808 2369 cuius
1835 2316 2062 2369 mentem
2090 2315 2202 2367 dia-

314 2404 420 2455 boli
458 2405 689 2471 nequitia
726 2405 969 2472 possedit.
1009 2406 1216 2459 exordia
1242 2406 1354 2472 ipsa
1380 2405 1598 2472 denique
1637 2404 1924 2457 uideamus,
1966 2403 2201 2455 diabolus

315 2489 577 2542 hominem
621 2491 684 2542 ad
729 2490 1012 2559 imaginem
1056 2492 1153 2544 Dei
1199 2491 1398 2545 factum
1440 2491 1753 2560 inpatienter
1790 2490 1945 2542 tulit:
1987 2488 2107 2541 inde
2152 2488 2204 2540 et
2219 2505 2259 2539 2⁵

314 2576 448 2641 perit
485 2577 683 2642 primus
711 2578 762 2630 et
788 2577 1030 2645 perdidit.
1091 2578 1263 2630 Adam
1290 2580 1468 2632 contra
1494 2578 1712 2631 caeleste
1738 2577 2071 2644 praeceptum
2098 2573 2202 2628 cibi

315 2662 485 2713 letalis
524 2662 779 2730 inpatiens
818 2665 871 2716 in
910 2666 1127 2717 mortem
1169 2665 1355 2718 cecidit
1393 2680 1484 2717 nec
1510 2666 1774 2732 acceptam
1803 2663 2056 2715 diuinitus
2085 2676 2203 2731 gra-

403 2877 423 2917 1
458 2875 606 2930 ignem
631 2876 666 2919 S
778 2879 805 2921 3
836 2878 1136 2921 examinatust
1158 2880 1202 2921 et
1231 2878 1272 2922 G
1378 2880 1405 2922 5
1435 2878 1571 2921 missa
1594 2880 1676 2923 W¹
1763 2878 1790 2921 6
1822 2876 1985 2920 sobolis
2011 2875 2119 2919 WG

315 2946 561 3003 inrogatur]
585 2948 768 2992 inicitur
798 2949 838 2992 G
956 2949 980 2991 7
1004 2949 1051 2992 in
1074 2963 1154 2993 om.
1182 2949 1222 2993 G
1310 2951 1336 2993 9
1368 2950 1475 2993 edax
1497 2964 1669 3006 quoque
1691 2949 1910 2992 uermium
1934 2961 2071 3005 poena
2093 2961 2119 2991 v

316 3018 372 3061 10
393 3018 719 3073 expedireturS
795 3022 848 3063 11
871 3022 916 3064 et
932 3034 1013 3065 om.
1036 3021 1077 3065 G
1166 3022 1219 3065 12
1240 3022 1490 3077 decepereS
1578 3021 1722 3078 possit
1732 3021 1837 3066 WG
1915 3019 2049 3076 quod.
2069 3052 2079 3063 .
2099 3018 2204 3062 .ori-

315 3089 420 3144 gine
440 3097 698 3145 suspectmn
717 3093 907 3136 uidetur
996 3093 1050 3135 13
1082 3093 1236 3136 mundi
1257 3094 1429 3149 origine
1446 3108 1498 3149 υ,·
1522 3096 1580 3149 cf.
1598 3108 1647 3150 1).
1663 3097 1767 3145 404,
1790 3096 1853 3138 26
1941 3092 2002 3148 et]
2022 3105 2071 3137 ac-
2092 3105 2118 3135 v

317 3160 372 3202 14
392 3174 619 3216 pressuras
645 3163 744 3207 WG
753 3164 802 3217 V,
826 3177 1053 3220 pressuras
1076 3178 1178 3208 suas
1202 3166 1263 3209 Sv
1378 3152 1474 3209 dffii
1493 3167 1530 3210 S
1646 3168 1699 3211 16
1731 3180 1810 3209 sua
1840 3166 1904 3210 W
2022 3162 2204 3207 ammis-

316 3231 436 3276 sione
459 3235 591 3278 WG¹
701 3236 754 3278 18
784 3235 839 3279 ‹lc›
860 3237 941 3281 W¹
1047 3236 1105 3280 2Ο
1136 3238 1179 3280 et
1202 3237 1308 3293 quid
1335 3238 1376 3281 G
1500 3239 1554 3282 21
1587 3252 1690 3282 nam
1717 3240 1777 3284 W
1797 3251 1830 3281 s.
1850 3238 1876 3281 l.
1894 3251 1949 3280 m.
1968 3238 2002 3279 2
2137 3235 2205 3279 ita

316 3303 536 3357 SWGV,
568 3306 630 3350 sic
652 3321 673 3350 e
694 3308 768 3351 uel
789 3308 850 3351 sic
871 3322 898 3352 v
1034 3308 1202 3352 malum
1223 3309 1390 3353 diaboli
1411 3312 1478 3354 est
1500 3310 1555 3363 S,
1588 3310 1758 3354 diaboli
1784 3310 1953 3353 malum
1979 3307 2118 3354 WGv

314 3375 371 3417 24
401 3377 599 3431 possedit
621 3378 819 3431 W²GV‚
852 3379 1052 3436 possidet
1074 3382 1177 3433 W1,
1210 3382 1401 3436 possidit
1424 3381 1461 3426 S
1594 3383 1694 3438 ipsa
1715 3381 1902 3438 denique
1926 3379 1981 3432 S,
2015 3379 2203 3436 denique

315 3446 412 3500 ipsa
434 3448 570 3492 WGv
675 3450 731 3493 25
763 3452 807 3493 et
834 3451 897 3495 W
914 3465 946 3495 s.
971 3452 998 3495 l.
1021 3466 1076 3495 m.
1096 3455 1125 3495 2
1230 3452 1286 3495 26
1317 3453 1451 3508 periit
1476 3453 1544 3498 Gtv
1654 3453 1848 3510 primum
1878 3453 1920 3497 G
2007 3450 2205 3509 perdidit

323 3517 386 3561 W
403 3531 435 3560 S.
456 3518 483 3563 l.
507 3533 562 3562 m.
584 3522 614 3563 2
701 3522 887 3565 caeleste
911 3523 949 3566 S
