2332 3978
559 1021 698 1100 An
762 976 1573 1100 DEMETRIANVM.

211 1246 587 1338 oblatrantem
614 1280 667 1334 te
693 1281 746 1333 et
770 1279 1017 1334 aduersus
1042 1280 1214 1333 Deum
1248 1279 1338 1346 qui
1375 1294 1507 1332 unus
1543 1279 1595 1332 et
1629 1294 1783 1332 uerus
1821 1277 1899 1331 est
1938 1278 2067 1330 orel

59 1435 62 1439 ,
141 1369 386 1437 sacrilego
415 1369 467 1421 et
492 1367 665 1421 uerbis
691 1367 869 1436 impiis
895 1366 1275 1434 obstrepentem
1315 1364 1634 1432 frequenter,
1674 1364 2021 1429 Demetriane‚

140 1456 540 1522 contempseram
579 1453 920 1507 uerecundius
958 1454 1010 1506 et
1045 1454 1234 1508 melius
1262 1453 1563 1509 existimans
1590 1452 1808 1505 errantis
1833 1451 2025 1519 inperi-

87 1552 105 1584 5
140 1542 270 1594 tiam
295 1541 500 1594 silentio
527 1556 761 1609 spernere
788 1556 944 1608 quam
968 1541 1220 1609 loquendo
1260 1541 1513 1595 dementis
1551 1538 1806 1592 insaniam
1840 1553 2026 1607 prouo-

144 1643 267 1681 care.
325 1643 419 1680 nec
463 1627 559 1680 hoc
603 1627 711 1680 sine
748 1627 1039 1696 magisterii
1067 1627 1231 1681 diuini
1258 1627 1567 1681 auctoritate
1592 1625 1842 1679 faciebam
1856 1666 1868 1690 ,
1910 1640 2028 1678 cum

144 1713 397 1781 scriptum
443 1713 537 1767 sit:
593 1713 661 1766 in
699 1728 880 1766 aures
917 1713 1334 1781 inprudentis
1370 1713 1507 1767 noli
1544 1713 1895 1781 quicquam
1934 1711 2028 1764 di-

146 1816 304 1865 cere,
362 1816 434 1853 ne
473 1816 632 1867 quan
651 1799 727 1852 do
765 1800 1063 1853 audierit
1110 1801 1397 1854 inrideat
1453 1801 1754 1853 sensatos
1800 1811 2030 1851 sermo-

147 1902 254 1939 nes
291 1886 464 1951 tuos‚
523 1887 573 1939 et
600 1887 818 1940 iterum:
878 1886 1016 1940 noli
1071 1887 1474 1957 respondere
1526 1884 1918 1955 inprudenti
1958 1883 2033 1937 ad

35 2007 39 2049 3
93 1972 649 2042 10inprudentiam
676 1973 814 2027 eius
851 1991 886 2026 n
905 1990 931 2027 e
971 1973 1213 2027 similis
1249 1973 1373 2027 fias
1411 1973 1545 2038 illi,
1575 1973 1627 2026 et
1646 1973 1885 2026 sanctum
1907 1985 2033 2038 quo-

155 2075 250 2126 que
275 2059 547 2113 iubeamur
571 2059 710 2112 intra
736 2060 1103 2113 conscientiam
1122 2060 1353 2113 nostram
1373 2060 1545 2114 tenere
1563 2075 1655 2112 nec
1674 2057 2036 2112 inculcandum

153 2145 319 2213 porcis
346 2146 397 2198 et
423 2146 632 2198 canibus
657 2161 902 2213 exponere
927 2147 1169 2214 loquente
1205 2146 1426 2199 Domino
1470 2147 1523 2199 et
1566 2145 1790 2198 dicente:
1829 2159 1902 2196 ne
1939 2143 2037 2196 de-

155 2231 389 2284 deritis
428 2233 725 2285 sanctum
753 2232 1022 2286 canibus
1047 2248 1248 2300 neque
1284 2232 1613 2285 miseritis
1649 2230 2039 2299 margaritas

158 2318 406 2371 uestras
463 2320 603 2371 ante
660 2334 902 2386 porGOS‚
966 2335 1038 2372 ne
1075 2319 1401 2372 inculcent
1439 2334 1544 2372 eas
1581 2318 1846 2387 pedibus
1894 2315 2040 2368 suis,

103 2418 142 2450 1⁵
157 2420 277 2457 nam
318 2420 437 2457 cum
478 2404 542 2457 ad
586 2420 670 2457 me
715 2420 863 2472 saepe
906 2405 1077 2457 studio
1121 2405 1290 2474 magis
1335 2403 1715 2458 contradicendi
1742 2418 1896 2470 quam
1921 2401 2042 2454 uoto

159 2490 388 2545 discendi
427 2492 628 2544 uenires
669 2491 721 2544 et
759 2491 998 2545 clamosis
1024 2491 1238 2545 uocibus
1263 2507 1539 2559 personans
1565 2491 1749 2544 malles
1774 2490 1867 2542 tua
1890 2490 2043 2554 inpu-

160 2576 335 2630 denter
359 2578 589 2647 ingerere
615 2594 772 2646 quam
798 2578 974 2631 nostra
998 2578 1255 2645 patienter
1281 2577 1482 2643 audire,
1510 2577 1746 2644 ineptum
1771 2577 2046 2630 uidebatur

163 2664 401 2733 congredi
426 2666 601 2718 tecum
618 2705 630 2729 ‚
671 2666 871 2733 quando
899 2665 1104 2718 facilius
1133 2665 1267 2718 esset
1293 2666 1345 2717 et
1371 2664 1541 2718 leuius
1568 2663 1859 2717 turbulenti
1885 2663 2045 2716 maris

334 2822 359 2864 7
392 2821 522 2865 Prou.
544 2822 614 2874 23,
636 2822 675 2865 9.
764 2822 792 2866 9
822 2822 952 2866 Prou.
976 2822 1049 2875 26,
1071 2822 1112 2866 4.
1204 2822 1258 2866 12
1287 2821 1453 2866 Matth.
1475 2822 1515 2874 7,
1539 2822 1577 2866 6.

249 2977 431 3009 mcn‘rr
462 2977 523 3008 An
554 2978 904 3009 DEMETRIANVM
933 2966 1086 3022 (AMEN
1115 2965 1222 3009 add.
1246 2966 1312 3022 R)
1338 2966 1575 3019 WRMB;
1607 2978 1670 3009 An
1700 2976 2051 3008 DEMETRIANVM

166 3035 448 3082 Lactantius
482 3038 630 3081 instit.
660 3037 705 3080 V
722 3050 756 3080 c.
781 3040 832 3089 4,
866 3049 1106 3081 ADVERSVS
1127 3049 1480 3081 DEMETRIANVM
1507 3038 1823 3094 Hieronymus
1851 3036 1913 3079 ad
1942 3035 2050 3079 Ma-

167 3120 311 3164 ynum
332 3109 458 3164 epist.
481 3112 545 3154 83
659 3109 688 3153 2
718 3110 763 3152 et
790 3109 855 3154 W
871 3122 904 3152 s.
925 3110 953 3152 l.
975 3123 1030 3152 m.
1050 3112 1099 3162 2,
1130 3122 1214 3154 om.
1238 3110 1298 3152 M
1438 3110 1467 3153 3
1496 3109 1824 3165 obstrepentem
1843 3109 1891 3151 te
1912 3108 1971 3151 M

168 3178 198 3223 4
226 3181 470 3237 contempsi
489 3194 546 3224 ex
566 3183 866 3237 contempsere
890 3181 935 3224 Β
954 3195 1009 3226 m.
1032 3184 1062 3226 2
1150 3181 1211 3237 et]
1235 3194 1286 3224 ac
1307 3194 1331 3225 v
1441 3181 1468 3225 5
1500 3180 1706 3224 silentius
1726 3180 1786 3223 M
1791 3181 1805 3202 ¹
1912 3179 1940 3221 6
1969 3179 2051 3221 hoc

171 3249 230 3294 M
247 3263 281 3294 s.
304 3252 330 3295 l.
352 3265 410 3295 m.
426 3255 458 3296 2
543 3251 804 3308 magisterio
826 3252 932 3297 ΒΜ
1018 3251 1198 3295 diuinae
1220 3251 1503 3296 auctoritatis
1527 3252 1606 3305 M,
1629 3250 1774 3295 diuini
1795 3251 1841 3293 et
1861 3249 2052 3292 nominis

172 3323 438 3366 auctoritate
458 3337 485 3367 v
616 3324 642 3366 7
673 3323 889 3380 scriptum
911 3324 973 3366 sit
992 3337 1049 3367 ex
1070 3324 1251 3380 scripsit
1276 3324 1409 3369 Wm.
1428 3325 1461 3367 2
1590 3322 1619 3365 8
1648 3321 1898 3365 insensatos
1921 3320 1967 3363 B

148 3382 201 3437 '9
230 3393 392 3438 iterum
412 3394 524 3438 dicit
542 3394 606 3438 M
717 3395 773 3439 10
801 3394 1178 3451 inprouidentiam
1200 3395 1245 3438 B
1359 3394 1433 3437 illi
1463 3393 1544 3436 fias
1566 3393 1631 3437 W
1746 3391 1807 3434 14·
1831 3390 2055 3434 inculcent

175 3463 393 3518 RMBV,
426 3465 681 3509 conculcent
701 3466 765 3511 W
846 3466 1034 3523 pedibus
1057 3466 1149 3510 suis
1173 3465 1382 3510 WRMB
1390 3465 1451 3517 V,
1480 3463 1666 3520 pedibus
1687 3465 1733 3507 et
1754 3462 1953 3506 conuersi
1974 3462 2054 3506 eli-

175 3533 286 3579 dant
304 3549 384 3580 uos
404 3549 431 3580 v
537 3536 592 3580 16
619 3538 875 3594 personans]
898 3539 1177 3594 perstrepens
1199 3537 1243 3580 V
1350 3534 1638 3592 inprudenter
1660 3534 1705 3578 B
1820 3534 1873 3577 17
1906 3546 2056 3590 gerere

183 3605 248 3650 W
359 3608 415 3651 18
444 3622 537 3652 esse
558 3608 604 3654 R
690 3608 964 3653 turbulentis
985 3609 1032 3654 R
