2332 3978
282 298 390 352 300
953 289 1194 343 Caecilii
1223 289 1492 348 Cypriani

283 426 393 479 sed
430 422 734 478 tristitia
771 421 992 474 uestra
1029 421 1091 473 in
1130 419 1467 473 laetitiam
1504 418 1756 472 ueniet.
1806 419 1921 487 quis
1946 436 2047 475 non
2071 421 2169 474 tri-

287 510 434 564 stitia
463 524 629 563 carere
656 507 813 575 optet,
842 507 958 574 quis
984 521 1083 559 non
1111 505 1177 559 ad
1203 504 1462 559 laetitiam
1486 503 1660 557 uenire
1687 503 1940 559 festinet?
1966 506 2167 574 quando

285 597 459 649 autem
497 596 549 649 in
588 594 846 648 laetitiam
884 592 1060 646 ueniat
1096 592 1270 645 nostra
1308 590 1528 644 tristitia
1566 590 1818 644 Dominus
1856 592 2021 646 denuo
2058 593 2167 661 ipse

201 689 203 691 ’
267 682 508 735 declarat
554 681 754 734 dicens:
810 680 1052 732 iterum
1106 678 1346 732 uidebo
1401 691 1537 741 1103,
1593 678 1653 730 et
1706 677 2015 747 gaudebit
2064 694 2168 733 cor

287 769 576 821 uestrum
616 767 677 820 et
716 766 1027 835 gaudium
1065 766 1356 818 uestrum
1393 777 1568 816 nemo
1607 763 1860 817 auferet
1898 780 1928 817 a
1964 765 2165 818 uobis,
2205 783 2225 816 ⁵

287 870 403 907 cum
430 868 547 922 ergo
575 851 840 906 Christum
867 852 1043 904 uidere
1069 850 1290 919 gaudere
1330 849 1399 901 sit
1438 864 1531 902 nee
1571 849 1734 917 possit
1773 865 1881 903 esse
1920 850 2166 920 gaudium

284 941 517 993 nostrum
544 939 645 992 nisi
672 938 786 1006 quis
831 937 1021 990 uiderit
1060 935 1352 1000 Christum,
1387 951 1517 1003 quae
1545 936 1763 989 caecitas
1789 936 1950 989 animi
1976 952 2168 1004 quaeue

286 1026 542 1079 dementia
582 1026 660 1078 est
704 1039 874 1076 amare
917 1037 1180 1090 pressuras
1226 1022 1276 1074 et
1320 1035 1509 1088 poenas
1555 1021 1607 1074 et
1645 1022 1884 1074 lacrimas
1910 1022 2091 1075 mundi
2118 1023 2169 1075 et

288 1127 387 1165 non
413 1111 655 1165 festinare
693 1109 864 1178 potius
904 1109 968 1161 ad
1008 1107 1256 1177 gaudium
1298 1107 1433 1174 quod
1459 1123 1745 1176 numquam
1770 1107 1934 1176 possit
1960 1106 2164 1161 auferri.

238 1192 270 1243 ὓ
359 1198 469 1250 Hoc
513 1199 685 1250 autem
730 1195 813 1259 fit,
853 1195 1037 1248 fratres
1083 1193 1438 1258 dilectissimi,
1497 1194 1617 1261 quia
1660 1194 1786 1247 fides
1831 1194 1998 1259 deest,
2049 1194 2225 1261 quiam
2303 1203 2324 1263 {j

287 1299 434 1337 nemo
474 1283 634 1335 credit
673 1298 780 1335 esse
819 1296 939 1333 uera
967 1296 1096 1347 quae
1121 1280 1382 1347 promittit
1408 1281 1548 1334 Deus
1576 1280 1666 1348 qui
1693 1296 1849 1334 uerax
1875 1281 1981 1344 est,
2022 1280 2167 1334 cuius

288 1384 450 1422 sermo
478 1369 799 1421 credentibus
827 1369 1062 1420 aeternus
1090 1369 1141 1420 et
1168 1367 1348 1420 firmus
1375 1367 1468 1420 est.
1496 1367 1540 1419 si
1561 1367 1660 1420 tibi
1681 1367 1763 1420 uir
1782 1367 1955 1437 grauis
1982 1368 2033 1420 et
2055 1367 2168 1419 lau-

288 1454 474 1508 dabilis
503 1454 700 1522 aliquid
726 1454 1081 1521 polliceretur,
1121 1454 1336 1506 haberes
1380 1453 1650 1522 pollicenti
1675 1453 1828 1506 fidem
1857 1468 1950 1506 1100
1974 1453 2027 1506 te
2054 1451 2169 1506 falli

286 1542 376 1594 aut
414 1541 579 1608 decipi
618 1541 680 1593 ab
722 1555 777 1593 eo
817 1540 1044 1593 crederes
1093 1555 1247 1607 quem
1293 1541 1431 1593 stare
1472 1540 1526 1593 in
1569 1541 1889 1594 sermonibus
1925 1540 2090 1607 adque
2115 1540 2169 1593 in

286 1627 484 1679 actibus
511 1626 616 1678 suis
644 1627 812 1679 scires,
853 1628 993 1679 Deus
1020 1627 1193 1679 tecum
1220 1626 1478 1693 loquitur,
1521 1628 1570 1680 et
1609 1628 1668 1680 tu
1707 1629 1880 1681 mente
1905 1626 2169 1680 incredula
2185 1642 2224 1674 15

286 1712 507 1780 perfidus
528 1711 834 1765 fluctuaris?
861 1712 1000 1765 Deus
1028 1712 1089 1764 de
1116 1713 1210 1765 hoc
1236 1714 1426 1766 mundo
1454 1713 1712 1767 recedenti
1737 1713 2167 1766 inmortalitatem

286 1799 449 1865 adque
478 1799 835 1851 aeternitatem
861 1798 1158 1864 pollicetur,
1188 1800 1239 1851 et
1266 1798 1510 1851 dubitas?
1544 1799 1639 1851 hoc
1665 1800 1742 1851 est
1767 1800 1936 1851 Deum
1962 1798 2167 1852 omnino

286 1899 384 1937 non
411 1900 581 1947 nosse,
622 1885 716 1936 hoc
755 1885 833 1937 est
873 1884 1137 1936 Christum
1165 1885 1403 1937 credendi
1430 1885 1742 1954 magistrum
1769 1886 1976 1953 peccato
2004 1885 2167 1939 incre-

287 1971 526 2023 dulitatis
547 1970 812 2034 offendere,
842 1971 935 2023 hoc
964 1972 1040 2023 est
1066 1971 1118 2023 in
1146 1971 1358 2024 ecclesia
1386 1971 1730 2025 constitutum
1756 1971 1911 2025 fidem
1937 1972 1990 2024 in
2017 1972 2167 2023 domo

287 2057 406 2109 fidei
433 2072 530 2108 non
556 2056 755 2109 habere.
2185 2071 2227 2105 20

239 2142 268 2193 7
360 2141 620 2206 Quantum
659 2143 822 2209 prosit
861 2143 993 2196 exire
1033 2144 1094 2196 de
1134 2143 1336 2196 saeculo
1364 2142 1599 2197 Christus
1638 2145 1746 2211 ipse
1784 2145 1967 2197 salutis
2005 2144 2168 2212 adque

287 2229 532 2281 utilitatis
558 2231 759 2282 nostrae
786 2229 1036 2298 magister
1062 2230 1318 2282 ostendit:
1361 2230 1448 2298 qui
1488 2246 1606 2283 cum
1646 2231 1887 2298 discipuli
1915 2231 2023 2284 eius
2050 2245 2168 2283 con-

287 2315 641 2378 tristarentur,
681 2316 815 2382 quod
861 2332 912 2368 se
958 2316 1063 2368 iam
1107 2317 1300 2370 diceret
1345 2332 1696 2382 recessurum,
1746 2317 1948 2370 locutus
1988 2318 2066 2370 est
2104 2317 2167 2370 ad

288 2416 370 2453 eos
410 2401 606 2454 dicens:
666 2402 719 2454 si
774 2418 866 2455 me
923 2403 1367 2468 dilexissetis,
1432 2402 1813 2472 gauderetis
1870 2403 2170 2470 quoniam

290 2488 450 2539 uado
489 2487 565 2539 ad
603 2489 876 2554 patrem,
933 2488 1114 2542 docens
1143 2491 1193 2542 et
1221 2489 1517 2554 ostendenS,
1560 2506 1677 2542 cum
1705 2490 1806 2542 cari
1834 2503 1959 2556 quos
1988 2488 2168 2558 diligi·
2186 2502 2227 2536 25

290 2589 405 2625 mus
451 2573 511 2625 de
557 2575 758 2626 saeculo
804 2576 1009 2635 exeunt,
1069 2576 1396 2644 gaudendum
1439 2576 1613 2643 potius
1665 2592 1822 2643 quam
1874 2575 2167 2628 dolendum.

375 2743 401 2785 4
433 2743 493 2785 Io.
519 2744 584 2794 16,
608 2744 675 2786 22.
766 2745 822 2788 24
853 2746 913 2788 10.
942 2747 1008 2797 14,
1034 2747 1100 2789 25.

379 2901 399 2941 1
435 2899 610 2943 laetitia
640 2900 676 2944 Ο
763 2902 789 2944 2
821 2904 947 2957 optat
971 2904 1024 2945 W
1127 2905 1154 2947 3
1185 2904 1230 2947 in
1259 2905 1321 2949 W
1339 2918 1370 2949 s.
1396 2906 1423 2948 Z.
1446 2919 1501 2949 m.
1525 2907 1580 2957 2,
1611 2905 1667 2948 ad
1688 2904 1720 2948 S
1824 2904 2005 2948 laetitia
2027 2905 2090 2949 W

287 2970 315 3012 5
347 2970 520 3013 auferat
543 2971 597 3022 8,
622 2972 766 3015 aufert
790 2973 895 3017 WO
999 2975 1025 3018 6
1056 2975 1239 3030 gaudire
1268 2976 1305 3020 Ο
1412 2977 1436 3020 7
1469 2977 1568 3032 quis
1590 2976 1754 3020 uiderit
1777 2975 1989 3028 SOWV,
2022 2975 2172 3019 uidere

297 3042 355 3092 G,
380 3055 477 3084 eum
499 3042 740 3086 uiderimus
761 3057 785 3087 v
874 3045 929 3088 10
958 3046 1010 3088 fit
1038 3048 1099 3091 W
1117 3060 1149 3090 s.
1174 3048 1201 3091 l.
1225 3062 1279 3091 m.
1303 3050 1355 3101 2,
1381 3062 1462 3093 om.
1494 3048 1534 3093 G
1624 3048 1677 3092 11
1710 3061 1802 3091 esse
1824 3061 1929 3091 uera
1952 3047 2042 3100 SV,
2066 3060 2172 3091 uera

287 3126 380 3156 esse
407 3114 575 3165 OWG,
610 3114 759 3158 sutura
789 3129 882 3159 esse
913 3130 938 3161 v
1071 3118 1123 3162 13
1155 3118 1340 3162 haberes
1364 3119 1627 3171 SOWGV‚
1661 3119 1845 3163 haberes
1875 3119 2030 3175 utique
2061 3131 2087 3163 v

291 3186 345 3228 14
375 3184 526 3240 decepi
554 3186 590 3230 Ο
677 3200 805 3242 quem
828 3201 882 3232 ex
904 3201 1013 3243 quae
1038 3189 1147 3233 Gm.
1165 3193 1196 3234 2
1283 3191 1440 3248 adque]
1465 3194 1543 3235 aut
1565 3191 1604 3236 8
1703 3191 1758 3235 15
1789 3190 1894 3235 deus
1913 3189 2171 3243 SOWGV,

288 3271 401 3301 nune
424 3257 529 3301 deus
551 3271 576 3301 v
722 3259 774 3301 16
805 3259 993 3302 fluctuas
1022 3260 1205 3306 OWGv
1350 3263 1456 3306 deus
1486 3263 1575 3306 tibi
1605 3275 1630 3307 v
1780 3261 2009 3306 recedendi
2031 3261 2070 3306 8
2078 3263 2084 3284 “

291 3329 342 3371 17
375 3328 473 3384 adq.
496 3331 581 3372 aet.
604 3329 726 3386 poll]
750 3332 1151 3387 aeternitatemque
1173 3333 1400 3388 promittit
1418 3334 1457 3378 G
1580 3336 1626 3378 et
1648 3334 1684 3378 8
1692 3333 1901 3386 OWGV,
1923 3335 1967 3377 et
1987 3334 2038 3376 tu
2060 3347 2085 3377 v

291 3399 389 3443 hoe.
410 3433 418 3441 .
439 3414 583 3443 .nosse
605 3414 684 3444 om.
711 3401 747 3444 8
891 3402 944 3444 18
966 3402 1168 3446 credendi
1191 3403 1359 3449 SOW2
1375 3405 1437 3449 G²
1452 3406 1509 3458 V,
1543 3405 1739 3450 credenti
1771 3406 1852 3450 W¹
1870 3404 1950 3457 6⁷¹,
1998 3403 2171 3449 creden-

289 3470 404 3514 tium
437 3485 460 3515 v
604 3474 871 3528 magistrum
902 3473 1163 3526 SOWGV,
1205 3474 1430 3519 dominum
1460 3479 1505 3521 et
1536 3477 1806 3534 magistrum
1837 3491 1863 3522 v
2008 3476 2171 3531 impec-

291 3543 387 3584 eato
418 3543 457 3586 G
545 3544 598 3586 19
629 3543 755 3587 domo
776 3544 893 3601 fidei]
918 3534 994 3587 disi
1017 3545 1100 3588 fide
1130 3545 1170 3589 G
1271 3547 1328 3591 24
1358 3548 1613 3604 gauderetis
1635 3549 1791 3605 utique
1812 3562 1837 3593 v
1926 3548 1983 3592 25
2012 3546 2170 3592 docens

291 3612 462 3655 seilicet
484 3627 509 3657 v
597 3615 652 3657 26
684 3615 831 3670 potius
853 3618 920 3659 est
950 3616 990 3660 G
