2332 3978
284 271 389 329 104
930 268 1179 315 Caecilii
1209 268 1482 327 Cypriani

480 398 643 452 XLII.
683 398 868 453 Fidem
891 398 946 452 in
969 399 1142 453 totum
1165 400 1404 468 prodesse
1424 400 1476 452 et
1499 399 1706 453 tantum
1725 414 1818 453 nos
1836 414 1985 469 posse
2004 416 2166 470 quan-

695 486 813 538 tum
838 485 1111 539 credimus

460 571 654 624 XLIII.
692 571 850 626 Posse
876 587 994 625 eum
1020 571 1204 626 statim
1230 572 1469 639 consequi
1493 572 1583 640 qui
1607 588 1726 626 uere
1752 572 2041 627 crediderit.

435 657 655 710 XLIIII.
696 658 902 712 Fideles
927 659 1064 711 inter
1100 673 1152 711 se
1187 659 1533 727 disceptantes
1566 675 1667 712 non
1702 659 1886 713 debere
1921 659 2170 729 gentilem

699 744 924 798 iudicem
951 744 1183 814 experiri.
2209 764 2227 794 5

499 829 657 884 XLV.
700 830 854 900 Spem
879 831 1174 885 futurorum
1199 846 1307 885 esse
1345 832 1397 884 et
1433 830 1546 884 ideo
1584 831 1741 884 fidem
1778 832 1911 885 circa
1948 847 2007 885 ea
2043 847 2171 899 quae

701 917 956 986 promissa
982 919 1104 971 sunt
1128 917 1411 984 patientem
1436 933 1545 970 esse
1570 917 1765 971 debere.

466 1002 653 1056 XLVI.
693 1003 968 1056 Mulierem
993 1004 1048 1056 in
1072 1004 1284 1056 ecclesia
1308 1004 1478 1057 tacere
1504 1003 1702 1057 debere.

438 1088 668 1141 XLVII.r
693 1090 896 1143 Delicto
935 1091 987 1143 et
1024 1090 1210 1143 merito
1248 1089 1420 1143 nostro
1458 1089 1596 1155 fieri,
1660 1091 1721 1144 ut
1756 1090 2045 1144 laboremus
2082 1106 2175 1145 nec

702 1176 801 1229 Dei
828 1191 978 1243 opem
1003 1176 1057 1228 in
1083 1176 1323 1229 omnibus
1350 1176 1649 1230 sentiamus.
2191 1200 2232 1232 ιο
2328 1197 2332 1199 ·

413 1261 654 1314 XLVIII.
696 1261 814 1316 Non
838 1262 1219 1316 faenerandum.

394 1348 664 1402 XLVIIII.
705 1349 949 1402 Inimicos
976 1364 1174 1417 quoque
1201 1349 1503 1418 diligendos.

606 1436 663 1488 L.
706 1434 1096 1488 Sacramentum
1122 1436 1241 1488 fidei
1267 1452 1367 1489 non
1393 1451 1500 1489 esse
1526 1435 1913 1503 profanandum.

575 1522 660 1573 LI.
705 1521 852 1586 Quod
877 1538 1027 1574 nemo
1052 1522 1103 1574 in
1133 1537 1282 1590 opere
1309 1537 1400 1575 suo
1429 1522 1606 1575 extolli
1632 1523 1831 1576 debeat.

543 1608 655 1659 LII.
699 1606 947 1660 Credendi
985 1608 1071 1660 uel
1107 1624 1207 1661 non
1255 1609 1491 1661 credendi
1535 1609 1834 1662 libertatem
1870 1609 1924 1662 in
1963 1609 2234 1664 arbitri01⁵

704 1696 942 1762 positam.

519 1781 662 1833 LIII.
702 1782 798 1834 Dei
834 1797 1015 1834 arcana
1053 1782 1272 1850 perspici
1309 1796 1408 1834 non
1442 1797 1588 1848 posse
1615 1781 1880 1836 etidcirco
1907 1782 2061 1836 fidem
2088 1798 2178 1835 no-

706 1869 867 1921 stram
894 1869 1186 1937 simplicem
1213 1884 1319 1921 esse
1345 1868 1541 1921 debere.

498 1954 668 2006 LIIII.
710 1955 985 2008 Neminem
1012 1955 1119 2007 sine
1146 1955 1290 2008 sorde
1318 1955 1369 2007 et
1394 1955 1504 2008 sine
1529 1955 1735 2022 peccato
1762 1971 1884 2008 esse.

558 2041 665 2092 LV.
706 2041 823 2093 Non
847 2042 1142 2094 hominibus
1170 2042 1257 2094 sed
1283 2042 1388 2094 Deo
1414 2042 1735 2108 placendum.
2196 2062 2238 2095 20

536 2127 671 2179 LVI.
711 2128 879 2180 Deum
903 2128 1035 2180 nihil
1061 2128 1222 2180 latere
1250 2144 1308 2180 ex
1334 2128 1414 2179 his
1442 2144 1570 2194 quae
1597 2129 1862 2196 geruntur.

501 2213 662 2265 LVII.
705 2214 939 2267 Fidelem
966 2214 1225 2266 emendari
1252 2215 1303 2266 et
1329 2214 1592 2266 reseruari.

472 2301 664 2353 LVIII.
705 2301 980 2354 Neminem
1008 2300 1300 2353 contristari
1327 2301 1492 2353 morte
1530 2300 1736 2364 debere,
1777 2316 1895 2353 cum
1922 2300 1991 2353 sit
2017 2299 2070 2352 in
2097 2300 2179 2352 ui-

709 2388 874 2440 uendo
893 2388 1040 2439 labor
1061 2388 1111 2439 et
1132 2386 1434 2453 periculum,
1463 2386 1515 2438 in
1537 2387 1799 2439 moriendo
1821 2403 1919 2454 pax
1940 2388 1991 2439 et
2011 2402 2181 2439 resur-

701 2474 855 2543 gendi
882 2474 1143 2527 securitas
2199 2481 2240 2514 2⁵

447 2561 670 2615 LVIIII.
709 2562 786 2613 De
811 2561 964 2613 idolis
992 2577 1120 2627 quae
1149 2560 1368 2628 gentiles
1396 2560 1513 2612 deos
1539 2560 1740 2626 putant.

562 2648 668 2699 LX.
711 2646 954 2699 Ciborum
980 2646 1198 2698 nimiam
1226 2645 1688 2713 concupiscentiam
1707 2659 1807 2697 non
1827 2645 2181 2712 adpetendam.

533 2734 669 2785 LXI.
711 2733 1016 2786 Possidendi
1055 2732 1521 2798 concupiscentiam
1560 2731 1611 2783 et
1647 2731 1915 2798 pecuniam
1954 2746 2053 2783 non
2091 2731 2182 2784 ad-

712 2819 999 2887 petendam.

510 2905 673 2957 LXII.
714 2904 1106 2957 Matrimonium
1133 2920 1250 2956 cum
1277 2903 1559 2971 gentilibus
1584 2918 1683 2955 non
1709 2902 2042 2972 iungendum.
2199 2912 2240 2943 3⁰

477 2991 667 3044 LXIII.
711 2989 935 3043 Grauius
962 2990 1211 3043 delictum
1239 3005 1346 3042 esse
1372 2988 1739 3041 fornicationis,

389 3178 413 3222 1
447 3176 531 3219 fide
553 3177 598 3219 Β
684 3175 730 3217 111
753 3188 832 3218 om.
856 3175 1061 3219 AWLB
1162 3174 1390 3230 prodeesse
1411 3175 1456 3216 A
1563 3174 1656 3229 nos]
1679 3186 1766 3216 11011
1786 3173 1830 3216 L
1948 3173 1977 3219 6
2009 3173 2184 3216 fidelem

307 3250 370 3293 W
470 3261 566 3291 eam
596 3261 706 3303 quae
729 3248 795 3299 L,
827 3260 920 3302 eaq.
943 3247 989 3289 A
1105 3246 1135 3291 8
1167 3245 1368 3289 deberem
1397 3246 1461 3290 W
1574 3244 1603 3290 9
1636 3258 1721 3288 11011
1751 3258 1859 3288 116116
1891 3244 2055 3288 dilecto
2082 3245 2184 3296 W¹‚

300 3321 464 3364 delicto
487 3322 571 3365 W²
682 3319 743 3365 14
773 3332 929 3375 operae
956 3320 1018 3363 W
1136 3318 1195 3363 17
1228 3318 1418 3361 archana
1439 3316 1612 3360 LBM2
1727 3316 1907 3373 idcirco]
1929 3316 2027 3360 ideo
2047 3316 2109 3359 M

306 3394 365 3439 19
399 3407 491 3436 esse
521 3394 566 3435 et
596 3392 634 3435 si
663 3393 842 3448 peccato
869 3392 933 3435 W
1046 3390 1107 3435 21
1140 3393 1351 3446 gerentur
1367 3390 1432 3442 B,
1466 3390 1677 3445 gerantur
1699 3387 1759 3430 M
1767 3392 1775 3415 ¹
1872 3388 1936 3434 22
1967 3387 2118 3431 fidele*
2131 3387 2191 3431 M

302 3479 347 3508 m
369 3479 482 3510 eras.
573 3465 636 3511 23
666 3463 835 3508 nemini
856 3464 902 3509 B
987 3464 1174 3506 mortem
1198 3462 1305 3507 WB
1391 3460 1579 3504 uidendo
1600 3461 1661 3504 M
1666 3464 1674 3487 ¹
1771 3460 1836 3506 24
1865 3459 1914 3503 111
1934 3473 2013 3503 om.
2040 3459 2103 3503 W

303 3536 567 3593 resurgendo
587 3537 651 3579 L¹
777 3535 839 3581 26
871 3537 1029 3592 putent
1048 3535 1093 3578 L
1208 3533 1274 3579 30
1304 3546 1402 3576 cum
1422 3531 1633 3589 gentibus
1659 3532 1786 3585 WB,
1819 3531 2030 3588 gentibus
2058 3530 2103 3574 A

300 3608 709 3664 *miungendumM
720 3608 817 3663 (con
829 3607 1026 3663 erasum)
1114 3608 1174 3654 31
1200 3605 1459 3663 grauemW,
1477 3617 1613 3661 graue
1627 3604 1697 3649 Bv
1774 3602 2112 3647 fornicationem
2129 3603 2191 3648 W
