2332 3978
494 293 569 336 De
602 292 926 336 catholicae
958 291 1234 336 ccclesiae
1264 292 1496 335 unitate
1528 305 1562 336 c.
1597 290 1731 339 3-—5.
1960 290 2066 343 213

670 380 713 440 ι’

76 418 90 430 “
170 425 282 477 tem
307 422 935 511 manifestaretpxunitatis
965 420 1198 474 eiusdem
1223 419 1480 488 originem
1506 419 1571 473 ab
1600 433 1699 472 uno
1725 418 2065 487 incipientem

173 525 265 563 sua
284 508 590 562 auctoritate
612 507 883 575 disposuit.
924 506 1020 560 hoc
1047 506 1194 559 erant
1218 505 1398 572 utique
1424 506 1476 558 et
1503 505 1662 559 ceteri
1688 504 1911 574 apostoli
1931 505 2067 573 quod

173 594 277 648 fuit
301 595 486 650 Petrus
503 635 515 659 ‚
556 595 668 663 pari
695 591 1196 660 consortiopraediti
1217 591 1269 644 et
1294 591 1500 644 honoris
1542 591 1594 644 et
1630 591 1933 658 potestatis,
1974 592 2066 673 sed

175 680 438 734 exordium
464 680 534 733 ab
555 679 756 732 unitate
794 676 1144 747 proficiscitur.
1196 678 1258 730 ut
1295 676 1510 730 ecclesia
1547 675 1741 730 Christi
1779 692 1881 730 una
1916 693 2063 730 mon-

108 779 136 811 z
175 765 579 855 streturaquam
614 780 770 817 unam
797 749 1064 821 ecclesiam
1091 779 1117 815 6
1144 762 1162 815 1
1198 768 1205 774 “
1285 762 1340 814 111
1378 761 1576 816 cantico
1604 762 1921 815 canticorum
1947 762 2063 830 Spi-

174 851 307 905 ritus
332 838 541 905 'sanctus
568 867 628 904 ex
653 865 868 919 persona
891 848 1103 902 Domini
1129 847 1368 918 designat
1393 847 1446 900 et
1472 840 1626 901 dicit:
1676 864 1796 900 una
1833 848 1931 901 est
1969 863 2061 902 co-

174 935 401 990 lumba
426 953 587 1002 mea,
626 936 920 1004 perfecta
945 950 1104 999 mea,
1143 950 1263 987 una
1289 934 1387 987 est
1412 932 1616 985 matri
1642 947 1815 996 suae,
1854 933 2062 986 electa

171 1023 511 1092 genetrici
549 1038 716 1076 suae.
752 979 904 1075 ⁸’hanc
941 1021 1182 1075 ecclesiae
1227 1020 1482 1073 unitatem
1521 1019 1611 1088 qui
1655 1034 1758 1072 non
1801 1020 1946 1072 tenet
1982 1022 2062 1072 te-

174 1124 294 1161 nere
321 1124 373 1162 66
398 1109 554 1163 11116111
580 1108 784 1162 credit?
822 1107 911 1175 qui
938 1107 1181 1160 ecclesiae
1222 1106 1466 1160 renititur
1493 1106 1544 1160 et
1570 1080 1864 1159 resistiffin
1903 1105 2064 1158 eccle-

111 1209 158 1240 »ιο
179 1192 257 1245 616
282 1208 335 1247 66
361 1209 468 1247 6666
495 1193 743 1247 confidit?
782 1193 984 1261 quando
1003 1184 1063 1246 ct
1087 1193 1555 1260 beatus‘apostolus
1581 1191 1778 1259 Paulus,
1827 1194 1898 1243 'oc
1922 1191 2063 1244 idem

177 1280 353 1334 doceat
379 1281 431 1334 et
458 1274 837 1334 sacramentum
862 1279 1080 1333 unitatis
1106 1279 1342 1333 ostendat
1368 1279 1566 1332 dicens:
1606 1295 1641 1331 u
1658 1284 1800 1330 num
1827 1293 2023 1345 corpu
2038 1291 2062 1328 s

178 1367 242 1418 et
279 1383 441 1420 unus
480 1366 784 1433 spiritus,
822 1381 949 1418 11116,
986 1381 1127 1432 spes
1164 1364 1426 1418 uocatio
1443 1364 1543 1417 nis
1569 1364 1861 1427 uestrae,
1900 1377 2062 1417 unus

177 1451 515 1518 DominUS,
554 1469 675 1506 una
712 1451 907 1517 fides,
947 1468 1143 1504 unum
1179 1451 1539 1518 baptisma,
1577 1467 1736 1503 unus
1773 1451 1955 1502 Deus,
1996 1488 2007 1510 s

251 1536 418 1602 Quam
443 1539 696 1592 unitatem
724 1539 897 1592 tenere
921 1538 1143 1591 firmiter
1171 1539 1223 1591 et
1248 1537 1511 1590 uindicare
1548 1536 1809 1600 debemus,
1836 1534 2109 1592 maxime'z'i

112 1638 161 1669 1⁵
181 1623 402 1691 episcopi
453 1624 542 1692 qui
586 1625 640 1677 in
684 1625 898 1679 ecclesia
940 1624 1323 1692 praesidemUS,
1364 1624 1424 1676 ut
1466 1623 1819 1690 episcopatum
1863 1635 2062 1688 quoque

181 1708 352 1775 ipsum
395 1726 557 1763 unum
606 1710 770 1778 adque
813 1710 1100 1763 indiuisum
1144 1710 1432 1777 probemus,
1489 1723 1638 1762 nemo
1682 1707 2062 1760 fraternitatem

182 1795 445 1848 mendacio
489 1795 665 1861 fallat,
717 1811 865 1849 nemo
911 1795 1067 1849 fidem
1110 1795 1347 1849 ueritatis
1390 1794 1584 1864 perfida
1627 1793 2060 1861 praeuaricatione
2100 1792 2103 1796 ’

347 1952 374 1995 6
407 1951 533 1997 Cant.
556 1952 595 2005 6,
618 1952 660 1996 s.
751 1952 805 1995 11
835 1915 947 2008 Eph.
970 1952 1011 2004 4,
1032 1951 1062 1995 4
1082 1964 1146 2007 sq.

251 2093 276 2136 1
297 2093 555 2137 manifestet
566 2094 610 2139 R
683 2094 873 2138 unitatis
885 2093 1145 2139 SWGMR
1153 2094 1204 2146 V,
1220 2106 1354 2137 unam
1371 2092 1629 2136 cathedram
1646 2093 1883 2137 constituit
1900 2095 1946 2136 et
1962 2093 2061 2136 uni-

170 2164 285 2208 tatis
298 2165 548 2210 Manutius
667 2166 761 2210 61116
773 2165 817 2210 R
917 2166 972 2209 ab
991 2179 1077 2209 uno
1093 2165 1398 2222 incipientem]
1412 2166 1545 2220 atque
1566 2164 1786 2221 originem
1804 2165 1966 2209 Vteste
1977 2164 2060 2209 Ri-

164 2236 315 2292 yaltio
393 2236 421 2279 2
441 2237 486 2279 et
502 2249 582 2280 om.
595 2236 641 2281 R
713 2237 741 2280 3
761 2236 852 2280 fuit
867 2238 912 2280 et
931 2236 973 2281 G
1043 2237 1072 2280 4
1089 2236 1402 2293 proficiscitur]
1419 2235 1526 2280 add.
1544 2250 1571 2280 v
1584 2241 1687 2291 post
1697 2236 1971 2280 Manutimn
1986 2237 2059 2280 in-

173 2307 286 2351 uitis
303 2306 341 2351 S
348 2306 518 2351 WGM
523 2307 630 2352 VR:
663 2309 709 2351 et
742 2308 961 2364 primatus
983 2309 1116 2352 Petro
1136 2307 1289 2360 datur,
1332 2309 1385 2351 ut
1417 2321 1503 2350 una
1525 2306 1695 2352 Christi
1716 2307 1902 2350 66616616
1923 2309 1968 2351 et
1988 2321 2058 2351 ca-

75 2381 78 2387 '
170 2377 334 2421 thedra
348 2391 437 2421 una
458 2379 739 2422 monstretur.
764 2381 808 2422 et
824 2381 1023 2435 pastores
1041 2381 1146 2422 sunt
1163 2392 1326 2431 omnes,
1349 2378 1426 2422 sed
1441 2392 1549 2435 grex
1564 2392 1677 2422 unus
1695 2379 1956 2431 ostenditur,
1981 2380 2059 2434 qui

173 2448 230 2492 ab
247 2449 460 2505 apostolis
477 2449 682 2493 omnibus
703 2451 904 2493 unanimi
925 2451 1207 2494 consensione
1228 2452 1447 2506 pascatur.
1472 2450 1669 2494 adnotat
1684 2451 1763 2494 uir
1779 2451 1954 2506 doctus,
1984 2452 2060 2495 cui

172 2520 414 2564 uariantes
435 2521 647 2565 lectiones
667 2522 721 2565 in
743 2522 994 2577 exemplari
1023 2521 1341 2578 Goettinqensi
1361 2521 1597 2565 debemus:
1621 2518 1747 2566 ‘haec
1775 2522 1918 2565 uerba
1947 2527 2059 2566 sunt

167 2591 334 2635 addita
358 2605 414 2635 ex
440 2605 535 2636 uno
556 2592 706 2637 codice
725 2607 955 2638 manuscr.
996 2594 1168 2637 Virosii
1196 2594 1307 2649 (sic!
1337 2593 1417 2637 sed
1449 2598 1720 2649 corruptam
1749 2608 1806 2637 ex
1834 2594 2055 2646 Vianesii,

167 2664 266 2718 fuit
297 2665 417 2708 enim
445 2664 523 2708 ille
552 2665 665 2709 liber
692 2666 900 2710 Vianesii
930 2666 986 2710 de
1015 2667 1306 2723 Alberyatis;
1339 2667 1400 2720 cf.
1424 2666 1586 2710 Latin.
1610 2666 1706 2709 bibl.
1730 2680 1844 2710 sacr.
1873 2680 1919 2722 p.
1947 2668 2056 2721 179)

173 2735 494 2789 Bononiensis,
516 2737 597 2792 qni
618 2742 682 2781 est
701 2738 755 2782 in
775 2738 1038 2783 bibliotheca
1055 2738 1297 2790 Vaticana,
1322 2752 1353 2781 a
1372 2738 1429 2781 P.
1458 2737 1670 2782 Gabriele
1683 2739 2056 2793 paenitentiario

164 2807 480 2852 consentiente
509 2808 723 2865 magistro
750 2809 875 2853 sacri
902 2810 1112 2865 palatii'.
1143 2811 1225 2854 hoe
1245 2808 1613 2854 additamentam
1633 2809 1845 2865 defendit
1873 2822 2055 2867 anony-

162 2890 270 2922 mus
290 2879 343 2922 in
363 2879 511 2923 libello
531 2880 756 2936 inscripto
777 2881 909 2925 lettre
938 2882 1054 2925 d'un
1081 2886 1270 2936 scavant
1299 2882 1344 2926 οῖ’
1358 2882 1415 2925 A.
1449 2894 1575 2938 pour
1596 2882 1814 2926 reclamer
1848 2896 1917 2927 un
1945 2894 2054 2937 pas-

164 2961 277 3006 saqe
291 2950 543 3005 important
563 2951 620 2995 de
641 2951 708 2996 St.
738 2952 952 3009 Cyprien.
985 2953 1232 2998 Me'moires
1261 2952 1318 2997 de
1339 2953 1566 2998 Trevonoe.
1593 2955 1716 2998 1726
1740 2967 1789 3009 p.
1813 2956 1933 2997 1877
1960 2966 2023 3009 sq.
2037 2969 2055 3007 ,-

166 3020 232 3075 ef.
250 3025 403 3066 tamen
418 3013 713 3080 tlzeoloyische
735 3023 1098 3081 Quartalsehrift
1118 3027 1238 3069 1823
1265 3038 1313 3080 p.
1333 3027 1423 3068 510
1454 3038 1516 3081 sq.
1638 3026 1689 3068 ut
1703 3025 1747 3069 R
1762 3038 1794 3068 s.
1818 3025 1843 3068 l.
1868 3039 1923 3068 m.
1939 3027 1970 3070 2

173 3089 344 3136 Christi
364 3106 444 3138 om.
475 3094 519 3138 V
657 3097 899 3139 mostretur
920 3095 959 3140 S
1099 3095 1127 3139 5
1157 3096 1294 3140 etiam
1332 3109 1412 3141 om.
1434 3095 1473 3140 S
1613 3096 1639 3139 6
1670 3095 1880 3152 designat
1908 3096 1969 3151 et]
2001 3095 2057 3139 de

171 3163 358 3207 ecclesia
386 3163 430 3225 G
525 3164 647 3209 dicat
668 3166 707 3211 S
820 3167 845 3210 7
879 3167 1021 3212 electa
1041 3169 1109 3211 est
1129 3168 1206 3220 M,
1239 3180 1321 3211 om.
1345 3167 1384 3211 S
1495 3168 1524 3212 8
1557 3167 1767 3225 genitrici
1787 3181 1814 3212 υ
1930 3168 2056 3210 tenet

166 3246 254 3279 om.
278 3235 325 3281 R
440 3236 469 3283 9
500 3237 691 3296 resistit]
715 3238 821 3283 add.
845 3254 883 3284 v.
900 3245 1008 3295 post
1029 3240 1311 3284 Pamelium:
1344 3241 1421 3296 qui
1451 3239 1707 3283 cathedram
1728 3238 1874 3289 Petri,
1922 3251 2052 3294 super

165 3318 307 3362 ‘quam
327 3306 474 3363 (quem
494 3308 736 3366 Baluzins)
757 3309 947 3354 fundata
967 3314 1035 3354 est
1055 3310 1259 3362 ecclesia,
1280 3310 1447 3354 deserit
1536 3311 1593 3355 12
1625 3324 1762 3353 unum
1782 3295 1885 3368 spffi
1899 3310 1967 3354 Rt

174 3375 361 3434 uestrae]
383 3380 560 3423 nostrae
586 3379 629 3424 G
760 3381 816 3425 14
843 3381 1034 3425 firmiter
1053 3383 1203 3425 tencre
1223 3396 1250 3427 v
1383 3381 1437 3426 15
1467 3381 1696 3425 ecclesiam
1724 3381 1785 3426 ΘΙ
1902 3383 1955 3427 16
1984 3383 2052 3426 in-

173 3447 320 3492 uisum
344 3449 467 3493 WM
471 3453 481 3478 ¹
578 3451 631 3494 17
663 3451 796 3496 fidem
815 3452 1024 3496 ueritatis
1047 3452 1101 3505 S,
1125 3452 1229 3496 fidei
1250 3452 1492 3496 ueritatem
1513 3452 1760 3498 WGMRv
1866 3453 2049 3511 perfida]

166 3518 381 3574 perfidiae
409 3520 467 3574 V,
500 3534 577 3578 per
597 3521 700 3566 fidei
721 3523 785 3567 M
864 3523 1291 3580 praeuaricationem
1313 3524 1374 3568 M
