2332 3978
746 244 827 290 Ad
860 246 1133 291 Donatum
1163 259 1198 290 6.
1221 245 1415 292 10-12,
1936 249 2003 301 13

120 375 336 430 fallendi
374 390 552 445 sapore
588 375 843 429 medicato
879 375 1122 444 poculum
1160 374 1367 428 uidetur
1403 390 1536 440 esse,
1576 374 1712 443 quod
1749 375 2001 428 sumitur:

120 462 211 515 ubi
237 463 384 529 epota
408 478 488 515 res
514 461 616 526 est,
642 461 891 528 pernicies
916 461 1101 514 hausta
1126 460 1403 529 grassatur.
1443 460 1630 528 quippe
1655 460 1810 513 11111111
1835 459 2007 523 uides,

121 548 210 615 qui
248 547 444 600 amictu
482 547 693 600 clariore
732 547 1029 614 conspicuus
1066 544 1264 615 fulgere
1301 545 1401 598 sibi
1438 545 1647 598 uidetur
1671 545 1725 598 in
1749 560 1999 612 purpura:

121 633 307 700 quibus
331 633 426 686 hoc
452 632 685 686 sordibus
721 633 877 697 emit,
916 634 977 685 ut
1013 631 1237 700 fulgeat,
1277 645 1402 699 quos
1441 631 1804 700 adrogantium
1841 631 2008 684 fastus

86 736 104 768 5
119 718 262 786 prius
304 718 545 786 pertulit,
585 733 710 786 quas
748 717 991 785 superbas
1025 717 1157 770 fores
1182 717 1471 770 matutinus
1507 717 1761 770 salutator
1786 716 2008 779 obsedit,

121 804 245 871 quot
292 804 606 857 tumentium
662 803 1028 856 contumeliosa
1073 803 1297 873 uestigia
1352 803 1574 870 stipatus
1631 802 1686 855 in
1737 801 2007 855 clientium

122 905 303 943 cuneos
341 891 459 943 ante
495 890 794 959 praecessit,
834 890 895 942 ut
930 890 1101 957 ipsum
1139 889 1297 942 etiam
1334 890 1620 943 salutatum
1658 904 1827 942 comes
1863 889 2008 956 post-

122 976 333 1030 modum
376 991 561 1044 pompa
595 976 939 1044 praecederet,
980 975 1194 1030 obnoxia
1235 990 1335 1029 non
1374 975 1572 1029 homini
1609 976 1697 1030 sed
1742 975 2007 1044 potestati.

123 1076 285 1129 neque
312 1062 448 1115 enim
489 1062 589 1115 coli
626 1062 857 1115 moribus
893 1062 1084 1115 meruit
1108 1061 1197 1115 ille
1234 1061 1323 1114 sed
1359 1060 1601 1115 fascibus
1640 1061 1825 1113 horum
1864 1060 2008 1113 deni-

66 1163 108 1195 10
125 1163 221 1215 que
241 1147 416 1201 uideas
443 1147 607 1202 exitus
627 1148 816 1215 turpes.
845 1163 962 1201 cum
979 1162 1161 1215 auceps
1180 1148 1473 1215 temporum
1490 1147 1727 1216 palpator
1745 1146 2011 1209 abscessit,

125 1248 242 1286 cum
266 1233 462 1301 priuati
485 1233 622 1286 latus
646 1233 844 1286 nudum
863 1234 1090 1286 desertor
1109 1233 1311 1287 adsecla
1330 1233 1586 1286 foedauit:
1614 1234 1739 1286 tunc
1757 1232 2010 1285 laceratae

125 1318 306 1372 domus
330 1319 514 1388 plagae
541 1320 905 1373 conscientiam
930 1319 1146 1385 feriunt,
1184 1321 1310 1373 tunc
1334 1320 1408 1372 rei
1433 1317 1716 1373 familiaris
1735 1319 2010 1372 exhaustae

125 1404 312 1458 damna
335 1407 627 1470 noscuntur,
656 1405 844 1472 quibus
869 1406 1163 1474 redemptus
1189 1405 1337 1459 fauor
1361 1405 1510 1475 uulgi
1537 1406 1589 1459 et
1615 1405 1820 1459 caducis
1846 1405 2011 1471 adque

125 1490 363 1543 inanibus
389 1490 524 1543 uotis
549 1490 809 1558 popularis
836 1507 961 1544 aura
987 1491 1217 1558 quaesita
1242 1491 1334 1544 est.
1376 1491 1539 1544 stulta
1571 1506 1776 1560 prorsus
1804 1491 1855 1544 et
1880 1506 2006 1543 uana

69 1591 110 1623 15
126 1576 349 1641 iactura,
388 1576 684 1629 frustrantis
711 1576 990 1644 spectaculi
1015 1577 1281 1645 uoluptate
1304 1576 1361 1630 id
1384 1592 1562 1645 parare
1587 1577 1837 1642 uoluisse,
1878 1576 2011 1643 quod

126 1678 218 1716 nec
242 1663 459 1731 populus
487 1662 738 1729 acciperet
764 1663 816 1715 et
840 1663 1074 1730 perderet
1098 1663 1453 1732 magistratus

198 1747 295 1801 Sed
321 1749 372 1802 et
397 1763 521 1816 quos
547 1748 738 1802 diuites
764 1749 984 1816 opinaris
1022 1749 1376 1803 continuantes
1411 1749 1631 1802 saltibus
1659 1748 1825 1803 saltus
1862 1749 1913 1801 et
1949 1748 2010 1800 de
2035 1754 2095 1804 12

128 1834 340 1888 confinio
366 1834 675 1903 pauperibus
701 1834 916 1887 exclusis
942 1834 1144 1888 infinita
1181 1850 1239 1888 ac
1277 1836 1386 1889 sine
1423 1836 1659 1888 terminis
1696 1851 1817 1888 rura
1853 1834 2011 1886 latius

127 1920 459 1989 porrigentes,
482 1920 667 1988 quibus
684 1920 885 1989 argenti
899 1921 950 1974 et
963 1921 1075 1973 auri
1094 1921 1380 1974 maximum
1391 1922 1589 1989 pondus
1611 1922 1662 1974 et
1681 1920 2011 1989 pecuniarum

70 2029 113 2063 20
127 2005 417 2075 ingentium
436 2006 521 2058 uel
540 2006 787 2059 exstructi
803 2022 1016 2076 aggeres
1037 2007 1122 2060 uel
1141 2007 1370 2061 defossae
1388 2008 1568 2072 8111168,
1590 2007 1682 2059 1168
1703 2007 1862 2061 etiam
1879 2007 2014 2059 inter

128 2090 340 2144 diuitias
365 2107 482 2144 suas
508 2091 732 2159 trepidos
758 2092 1083 2161 cogitationis
1117 2093 1340 2147 incertae
1378 2093 1674 2147 sollicitudo
1716 2092 2013 2154 discruciat,

125 2192 190 2230 ne
213 2177 399 2244 praedo
425 2178 620 2242 uastet,
647 2193 708 2230 ne
733 2193 999 2246 percussor
1022 2178 1249 2244 infestet,
1275 2196 1338 2233 ne
1363 2179 1576 2233 inimica
1601 2179 1846 2246 cuiusque
1871 2179 2014 2231 locu-

127 2263 359 2331 pletioris
396 2263 594 2317 inuidia
632 2264 962 2318 calumniosis
1000 2265 1182 2318 litibus
1226 2266 1489 2334 inquietet.
1529 2280 1629 2319 non
1666 2265 1810 2318 cibus
1837 2280 2012 2317 securo

129 2364 402 2402 somnusue
427 2350 694 2418 contingit,
723 2350 948 2417 suspirat
984 2350 1074 2404 ille
1099 2352 1154 2404 in
1180 2353 1440 2417 conuiuiO,
1469 2352 1616 2405 bibat
1641 2351 1764 2404 licet
1790 2366 2015 2419 gemma,

70 2449 111 2483 25
129 2436 181 2488 et
205 2450 323 2487 cum
350 2434 515 2502 epulis
549 2435 840 2488 marcidum
874 2450 1055 2503 corpus
1081 2438 1224 2491 torus
1250 2439 1456 2491 mollior
1481 2439 1587 2491 alto
1614 2438 1730 2490 sinu
1768 2438 2014 2501 condidit,

127 2520 318 2590 uigilat
342 2520 396 2574 in
420 2522 598 2588 pluma
619 2534 714 2574 1166
737 2521 1000 2591 intellegit
1018 2523 1202 2588 miser,
1230 2525 1456 2591 speciosa
1481 2523 1582 2576 sibi
1609 2539 1718 2577 6886
1744 2524 2015 2592 supplicia,

128 2621 250 2660 auro
277 2621 330 2660 se
354 2607 629 2676 alligatum
653 2607 815 2660 teneri
851 2608 904 2660 et
940 2608 1189 2676 possideri
1225 2609 1410 2679 magis
1439 2626 1594 2678 quam
1629 2609 1886 2678 possidere
1917 2607 2015 2681 [di-

79 2828 82 2831 .
216 2774 242 2820 1
275 2774 391 2830 quod
412 2774 450 2819 S
463 2774 544 2819 sed
564 2774 593 2818 d
616 2789 672 2819 m.
695 2777 728 2820 2
816 2775 846 2823 2
878 2778 1009 2834 epota
1028 2791 1098 2821 res
1120 2779 1190 2822 est
1206 2778 1311 2832 SW,
1343 2772 1527 2835 epotata
1556 2792 1627 2823 res
1648 2783 1718 2823 est
1739 2780 1829 2832 Pr,
1863 2782 2014 2836 epota-

126 2845 245 2889 ueris
265 2847 334 2890 vel
364 2847 592 2903 epotatum
613 2848 683 2890 est
703 2861 730 2892 v
839 2847 868 2893 6
900 2850 1008 2904 quot
1029 2850 1178 2903 PW2,
1211 2849 1327 2906 quod
1366 2850 1481 2895 SW¹
1577 2851 1772 2908 stipatus
1793 2864 1873 2895 om.
1905 2865 1932 2895 r

127 2917 153 2961 7
184 2917 334 2961 cuneis
356 2918 427 2962 Ρυ
448 2918 661 2975 (stipatus
683 2919 736 2963 cl.
759 2922 909 2963 61111618
929 2921 1097 2965 maluit
1115 2921 1403 2979 Krabz'nyer,
1451 2923 1622 2980 confert
1657 2936 1748 2966 ‘non
1781 2928 1897 2967 recte
1918 2937 1967 2979 p.
1988 2926 2015 2966 5

127 2987 158 3034 Ζ.
182 2987 261 3045 16)
352 2989 660 3034 ¹salutantium
679 2990 908 3035 Erasmus
1013 2991 1076 3038 10
1105 3005 1264 3049 auceps
1294 2993 1410 3046 WP,
1443 3006 1616 3050 amceps
1639 2993 1692 3046 S,
1725 3007 1884 3051 anceps
1906 3008 1931 3037 r

128 3058 186 3105 11
219 3058 452 3104 adsaecula
477 3060 576 3105 SW
658 3061 716 3107 13
746 3063 879 3118 atque
909 3063 1005 3107 WP
1103 3064 1163 3112 15
1194 3063 1433 3107 frustantis
1473 3063 1526 3108 8¹
1614 3064 1679 3111 20
1709 3067 1879 3109 estrues
1898 3066 1937 3110 S

127 3129 192 3176 23
223 3143 400 3175 securus
420 3145 447 3175 v
523 3132 589 3178 24
618 3133 813 3190 contigit
842 3134 920 3178 W¹
1014 3135 1204 3191 gemma]
1227 3148 1424 3191 gemmas
1445 3136 1698 3193 Riyaltius5
1718 3123 1816 3192 ὀὴ.
1843 3137 2021 3194 Ver-qil&

136 3200 296 3258 Geory.
321 3203 389 3246 IL
413 3205 505 3247 506
520 3220 534 3247 :
566 3205 618 3246 ut
655 3217 832 3260 gemma
868 3204 997 3248 bibat
1018 3210 1060 3250 et
1081 3206 1208 3263 Plin.
1231 3208 1271 3249 11.
1288 3221 1335 3250 νη.
1359 3206 1614 3251 XXXIII.
1637 3210 1664 3251 5
1774 3208 1837 3255 25
1869 3208 2015 3251 condi-

127 3271 245 3317 derit
260 3287 286 3318 υ
392 3274 455 3320 26
487 3275 678 3331 suplicia
701 3276 755 3329 S,
805 3277 1023 3333 subplitia
1058 3279 1104 3322 P
1209 3278 1274 3324 27
1308 3279 1353 3321 ct
1374 3291 1456 3322 om.
1481 3279 1520 3323 S
1619 3279 1841 3335 possidere
1870 3279 2016 3335 magis

128 3357 262 3401 quam
280 3346 497 3402 possideri
517 3347 703 3391 diuitias
726 3350 837 3393 coni.
870 3349 1136 3394 Gronouim
1171 3350 1197 3394 l.
1222 3367 1253 3394 c.
1271 3365 1322 3406 p.
1346 3353 1442 3395 264
1548 3350 1735 3395 diuitias
1759 3351 1917 3403 SWP,
1949 3351 2015 3394 di-

127 3416 267 3460 uitias
288 3419 421 3473 atque
441 3431 544 3474 opes
563 3433 591 3464 v
598 3436 611 3473 3
627 3420 762 3463 uncis
781 3433 859 3476 eqo
879 3421 1049 3465 inclusi
1066 3422 1165 3476 (cfr.
1185 3422 1312 3466 Ptin.
1335 3422 1362 3466 l.
1386 3422 1478 3466 IX.
1502 3423 1629 3477 epist.
1653 3425 1740 3466 30:
1772 3436 1823 3466 66
1844 3422 2016 3466 1111168113

127 3486 327 3532 11011111168
367 3487 561 3533 habendi
604 3490 783 3547 cupido,
834 3492 887 3534 ut
920 3491 1136 3548 possideri
1166 3493 1311 3549 magis
1343 3506 1476 3549 quam
1516 3493 1740 3549 possidere
1776 3493 2014 3538 uideantur

138 3558 273 3617 Gypr.
315 3559 372 3604 de
406 3560 549 3616 lapsis
584 3565 725 3606 c.12.·
757 3561 986 3618 possidere
1018 3576 1063 3607 se
1099 3563 1286 3608 credunt
1325 3564 1403 3621 qui
1431 3564 1582 3621 potius
1627 3564 1926 3622 possidentur)
