2332 3978
789 247 1015 292 Testim.
1047 246 1111 299 ΙΙ,
1133 245 1198 293 30
1218 271 1272 277 —
1293 245 1380 289 III.
1900 243 2000 296 101

122 382 293 447 uobis,
350 379 597 449 quamdiu
631 392 732 432 non
779 376 975 430 fecistis
1012 375 1104 428 uni
1150 390 1210 428 ex
1244 373 1477 428 minimis
1514 372 1622 438 his,
1672 386 1835 440 neque
1871 369 2004 424 mihi

121 469 330 523 fecistis.
372 468 424 521 et
447 466 598 519 ibunt
627 464 719 517 isti
744 463 799 517 in
823 463 1001 533 ignem
1025 463 1317 525 aeternum,
1368 459 1496 513 iusti
1532 459 1708 513 autem
1744 458 1801 512 in
1836 457 2006 511 uitam

122 555 393 608 aeternam.

726 1153 989 1207 LIBER
1023 1149 1391 1205 TERTIVS.

68 1386 86 1418 5
398 1369 797 1415 CYPRIANVS
829 1369 1136 1424 QVIRINO
1168 1369 1369 1414 FILIO
1401 1368 1739 1414 SALVTEM.

194 1464 248 1543 P
250 1501 305 1538 ro
329 1486 429 1539 fide
455 1501 512 1539 ac
535 1485 805 1539 deuotione
829 1485 945 1551 tua,
985 1501 1142 1553 quam
1168 1485 1389 1538 Domino
1415 1485 1523 1539 Deo
1550 1485 1780 1550 exhibeS,
1818 1484 1896 1538 fili
1921 1501 2008 1539 ca-

124 1572 352 1637 rissime,
391 1572 598 1639 petisti,
636 1573 698 1626 ut
723 1571 789 1625 ad
813 1572 1174 1626 instruendum
1199 1572 1251 1626 te
1279 1588 1598 1640 excerperem
1642 1572 1703 1625 de
1739 1571 2008 1638 scripturis

126 1658 314 1711 sanctis
341 1658 590 1725 quaedam
615 1658 841 1725 capitula
865 1658 930 1710 ad
954 1657 1252 1726 religiosam
1273 1658 1439 1711 sectae
1458 1659 1661 1711 nostrae
1683 1658 2008 1724 disciplinam

125 1744 457 1811 pertinentia,
496 1744 730 1797 lectionis
778 1743 986 1797 diuinae
1030 1743 1345 1797 succinctam
1390 1743 1718 1813 diligentiam
1744 1759 2006 1811 quaerenS,

69 1839 111 1871 1⁰
126 1831 186 1883 ut
212 1830 413 1883 animus
439 1830 547 1883 Deo
571 1830 776 1883 deditus
801 1845 901 1882 non
926 1829 1095 1898 longis
1123 1830 1215 1883 aut
1239 1829 1424 1882 multis
1450 1829 1704 1883 librorum
1729 1829 2008 1882 uolumini-

124 1915 220 1982 bus
246 1915 518 1986 fatigetur,
566 1916 654 1968 sed
698 1915 930 1969 eruditus
973 1915 1230 1968 breuiario
1275 1915 1663 1983 praeceptorum
1707 1915 2010 1969 caelestium

125 2001 313 2055 habeat
346 2001 410 2055 ad
448 2001 720 2055 fouendam
754 2001 1058 2054 memoriam
1094 2017 1241 2055 suam
1268 2002 1472 2055 salubre
1498 2002 1550 2054 et
1576 2002 1767 2071 grande
1792 2017 2008 2070 conpen-

128 2087 288 2140 dium.
330 2089 382 2141 et
426 2088 546 2156 quia
588 2088 689 2140 tibi
734 2088 945 2156 plenum
990 2087 1282 2141 dilectionis
1328 2088 1631 2155 obsequium
1675 2087 1859 2153 debe0‚
1908 2087 2008 2141 feci

127 2173 263 2241 quod
286 2173 489 2241 petisti,
527 2175 589 2226 ut
610 2173 895 2227 laborarem
924 2173 1107 2238 semel,
1134 2189 1197 2226 ne
1221 2174 1282 2226 tu
1308 2189 1507 2240 semper
1532 2174 1805 2227 laborares,
1847 2191 2009 2242 quan-

71 2259 244 2311 1⁵tum
283 2259 454 2325 potuit
495 2259 672 2326 itaque
697 2259 1022 2312 mediocritas
1056 2260 1233 2312 nostra
1270 2259 1544 2327 conplecti,
1586 2260 1804 2313 collecta
1831 2261 1953 2314 sunt
1979 2277 2009 2314 a

126 2360 210 2397 me
237 2344 487 2411 quaedam
511 2346 784 2412 praecepta
822 2345 1077 2398 dominica
1103 2345 1154 2398 et
1179 2345 1480 2414 magisteria
1519 2345 1698 2398 diuina
1736 2362 1864 2413 quae
1902 2362 2010 2399 esse

127 2429 180 2482 et
212 2429 388 2483 facilia
422 2431 474 2483 et
509 2429 661 2483 utilia
685 2431 976 2500 legentibus
1012 2430 1236 2499 possint,
1277 2432 1402 2484 dum
1426 2432 1481 2485 in
1506 2432 1823 2485 breuiarium
1849 2448 2011 2500 pauca

128 2514 328 2584 digesta
364 2516 416 2568 et
448 2516 695 2569 uelociter
718 2516 1054 2585 perleguntur
1079 2518 1130 2570 et
1165 2516 1455 2585 frequenter
1489 2517 1757 2571 iterantur.
1798 2518 1916 2585 opto
1941 2518 2008 2585 te,
2102 2578 2106 2583 ,

132 2599 208 2653 fili
233 2601 522 2667 carissime,
550 2618 750 2670 semper
775 2602 901 2655 bene
926 2601 1112 2656 ualere.

215 2756 239 2802 1
273 2756 362 2814 his]
401 2757 504 2800 istis
524 2757 569 2801 A
685 2758 713 2802 2
743 2757 932 2801 abibunt
952 2758 1129 2803 LMBv
1244 2759 1340 2816 isti]
1376 2758 1427 2802 hi
1449 2760 1490 2800 B
1608 2759 1761 2816 ignem
1784 2761 2013 2805 aeternum

127 2827 191 2881 A,
237 2827 562 2872 ambustionem
595 2831 822 2873 aeternam
863 2830 1102 2883 WLMBv
1293 2830 1350 2874 ad
1383 2831 1617 2885 Quirinum
1652 2832 1704 2876 de
1739 2836 2012 2877 sacramento

129 2898 287 2942 christi
307 2900 490 2956 explicit
509 2900 624 2944 liber
643 2901 693 2944 II
713 2901 874 2958 incipit
893 2901 1008 2945 liber
1029 2901 1104 2944 III
1125 2901 1183 2955 A,
1208 2901 1264 2944 ad
1277 2901 1511 2955 Quirinum
1531 2903 1647 2947 liber
1667 2904 1717 2947 II
1739 2905 1922 2961 explicit
1938 2906 2010 2958 W,

133 2970 188 3015 ad
209 2971 443 3025 Quirinum
463 2972 583 3016 liber
611 2973 660 3016 II
689 2972 742 3017 de
781 2974 1062 3017 sacramento
1091 2979 1183 3030 exp.
1216 2973 1349 3030 incip.
1383 2973 1439 3017 ad
1460 2974 1646 3019 eundem
1667 2975 1784 3020 liber
1804 2977 1892 3021 ΙΙΙ.
1915 2977 2013 3021 bre-

130 3041 266 3085 uiarii
301 3042 353 3086 de
389 3043 599 3099 capitulis
634 3044 946 3088 mandatorum
985 3045 1056 3088 dei
1093 3045 1149 3088 ad
1179 3045 1452 3089 christianae
1472 3046 1707 3102 religionis
1728 3048 2013 3104 disciplinam

129 3113 455 3170 pertinentibus
490 3115 623 3171 incip.
661 3116 762 3172 epla
801 3116 944 3160 XIIII
968 3117 1034 3169 B,
1070 3115 1237 3162 Caecili
1259 3116 1460 3172 Cipriani
1493 3117 1550 3160 ad
1572 3118 1808 3172 Quirinum
1827 3120 1944 3163 liber
1963 3120 2012 3164 II

132 3191 211 3242 exp
231 3185 350 3242 incip
371 3185 428 3230 ad
449 3186 633 3230 eundem
669 3190 874 3245 excerpta
908 3189 1206 3246 capitulorum
1236 3202 1419 3233 numero
1448 3188 1568 3232 LXX
1601 3190 1679 3243 M,
1711 3190 1872 3247 incipit
1899 3191 2015 3235 liber

131 3256 294 3300 tertius
315 3258 360 3301 L

217 3344 248 3392 5
279 3344 466 3401 quirino]
490 3346 638 3401 cyrino
665 3347 711 3392 V
813 3346 841 3393 7
874 3360 1190 3405 exercerperem
1210 3348 1255 3392 L
1365 3347 1395 3394 9
1428 3349 1671 3392 succintam
1692 3348 1759 3391 A¹
1857 3348 1917 3394 12
1948 3347 2014 3392 fo-

134 3414 322 3459 uendum
347 3416 392 3459 13
509 3418 570 3463 13
600 3417 686 3462 feci
707 3431 762 3463 ex
782 3418 933 3463 fecisti
953 3420 997 3464 L
1132 3420 1185 3463 17
1219 3421 1264 3463 ct
1287 3421 1414 3477 (ante
1434 3420 1604 3476 facilia)
1625 3433 1707 3464 om.
1736 3420 1930 3465 WMBv

131 3487 397 3544 legentibus]
418 3489 627 3545 gentibus
648 3491 694 3534 B
813 3490 874 3537 18
905 3492 1117 3548 leguntur
1138 3493 1180 3534 B
1299 3491 1360 3538 19
1392 3491 1461 3534 fili
1482 3504 1563 3536 om.
1582 3491 1645 3536 W
1760 3477 1861 3534 kffii‘
1883 3490 1928 3534 B

134 3564 213 3615 exp
233 3559 422 3616 epistola
441 3559 561 3618 incip
582 3567 661 3619 cap
681 3562 798 3608 CXX
819 3563 864 3607 B
