2332 3978
307 314 412 368 302
976 299 1219 348 Caecilii
1248 295 1525 355 Cypriani

262 458 293 508 9
380 438 699 506 Quinimmo
744 435 790 488 si
828 449 927 502 qua
952 431 1275 494 condicione,
1330 444 1431 496 qua
1474 426 1589 494 lege
1632 423 1908 477 crediderit
1946 422 2191 476 christia-

307 541 402 579 nus
430 524 606 578 noscat
633 522 684 575 et
708 519 906 582 teneat,
933 517 1060 570 sciet
1084 517 1201 583 plus
1228 514 1327 567 sibi
1354 528 1510 580 quam
1535 509 1717 564 ceteris
1743 510 1798 562 in
1822 509 2021 563 saeculo
2047 509 2192 562 labo-

309 610 549 673 randum,
590 608 673 661 cui
718 605 887 675 magis
932 604 1000 656 sit
1045 619 1164 656 cum
1209 599 1404 653 diaboli
1448 596 1821 666 inpugnatione
1866 594 2188 649 luctandum.

309 698 454 751 docet
498 696 550 749 et
591 693 890 763 praemonet
933 690 1188 757 scriptura
1232 686 1409 739 diuina
1453 684 1651 736 dicens:
1701 681 1836 746 fili,
1878 681 2191 734 accedens
2300 752 2307 760 ι

306 785 378 837 ad
417 780 803 836 seruitutem
842 776 957 829 Dei
997 776 1095 828 sta
1134 774 1200 825 in
1237 770 1507 824 iustitia
1546 770 1607 822 et
1645 768 1874 821 timore
1912 768 1972 820 et
2008 782 2191 835 prae·
2229 778 2250 810 ⁵
2315 823 2318 827 ,

305 885 460 937 para
514 866 790 919 animam
845 863 1020 914 tuam
1076 860 1148 911 ad
1195 855 1718 923 temptationem,
1778 854 1829 907 et
1871 854 2090 907 iterum:
2129 853 2191 906 in
2318 855 2320 857 ’

306 955 521 1007 (101010
548 951 802 1004 sustine
841 949 904 1001 et
940 948 1003 999 in
1029 944 1413 998 humilitate
1439 943 1552 994 tua
1586 941 1981 1009 patientiam
2006 940 2191 1002 habe,

307 1039 608 1107 quoniam
646 1039 713 1090 in
751 1036 896 1104 igne
934 1033 1244 1100 probatur
1282 1047 1510 1084 aurum
1549 1030 1610 1081 et
1648 1028 2001 1097 argentum.

222 1145 283 1194 ιθ
378 1126 459 1179 Sic
498 1126 588 1177 Iob
627 1125 742 1193 post
780 1138 949 1175 rerum
988 1120 1199 1183 damna,
1237 1120 1355 1186 post
1382 1118 1656 1187 pignerum
1683 1115 1863 1168 funera
1889 1113 2192 1167 uulneribus
2316 1132 2332 1189 i

306 1228 503 1279 quoque
530 1212 581 1263 et
608 1209 869 1262 uermibus
898 1206 1126 1275 grauiter
1163 1204 1401 1258 adflictus
1426 1219 1526 1256 non
1552 1203 1724 1255 uictus
1771 1201 1849 1254 est
1888 1200 1974 1253 sed
2011 1199 2252 1267 proba-10

304 1299 404 1360 tus,
434 1297 521 1363 qui
547 1296 600 1347 in
626 1296 751 1362 ipsis
780 1292 1242 1346 conflictationibus
1264 1292 1314 1343 et
1335 1290 1596 1344 doloribus
1620 1289 1726 1342 suis
1747 1287 2053 1357 patientiam
2074 1286 2196 1338 reli-

307 1383 475 1451 giosae
501 1382 689 1434 mentis
716 1380 985 1432 ostendens
1013 1378 1112 1431 ait:
1141 1379 1347 1430 nudus
1387 1377 1560 1430 exiui
1600 1377 1673 1429 de
1711 1375 1946 1428 matris
1983 1374 2194 1436 utero,

303 1468 508 1520 nudus
548 1468 745 1520 etiam
786 1468 887 1519 ibo
928 1466 1041 1519 sub
1080 1466 1334 1518 terram.
1394 1465 1704 1518 Dominus
1755 1462 1934 1516 dedit
1974 1462 2037 1513 et
2074 1461 2194 1512 Do-

303 1554 511 1606 minus
551 1553 856 1606 abstulit:
899 1554 1071 1606 sicut
1098 1551 1366 1604 Domino
1394 1551 1608 1603 uisum
1647 1551 1770 1613 est,
1811 1549 1905 1602 ita
1944 1548 2194 1601 factum

302 1641 410 1693 est.
453 1641 549 1691 sit
590 1655 809 1692 nomen
848 1639 1109 1691 Domini
1158 1638 1594 1691 benedictum.
1655 1638 1705 1690 et
1751 1652 1863 1689 cum
1909 1651 2026 1688 eum
2068 1648 2251 1687 uxor15

302 1743 499 1794 quoque
545 1727 883 1794 conpelleret,
942 1727 1001 1778 ut
1047 1725 1101 1777 ui
1148 1725 1336 1777 doloris
1392 1724 1648 1791 inpatiens
1691 1722 1891 1789 aliquid
1941 1723 2189 1774 aduersus

302 1814 469 1865 Deum
516 1814 727 1881 querula
771 1814 821 1865 et
866 1811 1124 1864 inuidiosa
1151 1827 1273 1864 uoce
1300 1811 1622 1878 loqueretur,
1664 1809 1927 1876 respondit
1955 1809 2005 1861 et
2032 1808 2190 1861 dixit:

299 1900 627 1965 tamquam
684 1915 806 1951 una
862 1915 929 1950 ex
985 1897 1466 1964 insipientibus
1522 1896 1915 1949 mulieribus
1974 1896 2193 1947 locuta

303 1999 379 2036 es
441 1985 494 2036 si
553 1985 714 2037 bona
772 1985 1135 2051 excepimus
1193 1984 1265 2035 de
1315 1999 1505 2036 manu
1543 1982 1824 2045 Domini,
1864 1981 2035 2034 mala
2073 1996 2190 2033 11011

302 2069 766 2123 tolerabimus?
819 2072 882 2122 in
938 2070 1040 2121 his
1098 2070 1400 2122 omnibus
1458 2086 1616 2136 quae
1665 2069 2093 2137 contigerunt
2133 2066 2249 2120 ei20

303 2155 473 2206 nihil
519 2157 820 2223 peccauit
857 2156 966 2210 Iob
1006 2156 1202 2209 labiis
1243 2157 1377 2208 suis
1416 2156 1480 2208 in
1518 2156 1865 2224 conspeetu
1909 2153 2187 2207 Domini.

306 2240 476 2308 itaque
522 2243 601 2294 illi
646 2244 896 2296 Dominus
942 2245 1081 2296 Deus
1120 2243 1356 2310 perhibet
1402 2244 1762 2297 testimonium
1805 2243 2002 2296 dicens:
2061 2242 2189 2296 ani-

303 2329 729 2381 maduertisti
767 2346 1031 2396 puerum
1069 2346 1272 2382 meum
1311 2330 1468 2383 Iob?
1507 2345 1625 2382 non
1664 2330 1833 2383 enim
1874 2331 1971 2382 est
2010 2328 2187 2382 simi-

302 2413 390 2465 lis
448 2414 555 2466 1111
613 2415 947 2482 quisquam
1003 2417 1064 2468 in
1105 2417 1341 2481 terris,
1410 2417 1591 2470 homo
1658 2416 1800 2469 sine
1859 2416 2186 2483 querella,

302 2515 495 2551 uerus
533 2502 650 2553 Dei
693 2503 918 2554 cultor.
974 2505 1025 2555 et
1059 2504 1244 2556 Tobias
1287 2504 1402 2571 post
1430 2518 1580 2571 opera
1606 2503 1903 2571 magnifica,
1942 2503 2059 2569 post
2085 2502 2244 2554 1111-ῑ)5

301 2586 603 2638 sericordiae
631 2602 750 2639 suae
777 2588 944 2640 multa
971 2589 1021 2640 et
1047 2589 1270 2657 gloriosa
1295 2590 1566 2657 praeconia
1594 2589 1900 2643 eaecitatem
1925 2589 2186 2641 luminum

302 2685 476 2735 passus
503 2671 691 2723 timens
715 2673 765 2724 et
786 2673 1091 2725 benedicens
1118 2675 1172 2726 in
1199 2676 1429 2729 aduersis
1451 2677 1621 2728 Deum
1650 2692 1740 2743 per
1766 2676 1935 2743 ipsam
1961 2676 2184 2744 corporis

302 2754 382 2805 sui
409 2755 603 2808 cladem
633 2758 794 2810 creuit
821 2759 884 2810 ad
913 2758 1142 2824 laudem,
1182 2777 1334 2828 quem
1362 2763 1412 2814 et
1438 2763 1610 2829 ipsum
1636 2776 1762 2814 uxor
1788 2777 1879 2814 sua
1906 2762 2184 2829 deprauare

468 2926 495 2966 4
528 2928 608 2968 Sir.
633 2929 671 2977 2,
701 2929 734 2969 1.
758 2929 796 2970 4.
821 2929 859 2971 5.
1039 2932 1092 2974 12
1123 2932 1202 2975 101)
1227 2935 1263 2985 1,
1287 2935 1355 2978 21.
1542 2937 1595 2979 18
1627 2936 1707 2979 Iob
1729 2937 1767 2988 2,
1794 2936 1858 2979 10.
1884 2939 1928 2979 et
1952 2938 1989 2989 1,
2013 2937 2080 2981 22.

302 2996 356 3038 22
388 2997 466 3039 ,Iob
490 2999 527 3048 1,
549 3000 587 3040 8.

390 3126 409 3166 1
445 3126 694 3169 conditione
724 3129 833 3172 WG
939 3131 965 3174 2
997 3132 1084 3175 sibi
1107 3134 1205 3188 plus
1232 3135 1273 3178 G
1381 3150 1513 3192 quam
1536 3138 1695 3181 ceteris
1716 3152 1798 3182 om.
1826 3138 1862 3183 Ο
1958 3140 1985 3182 4
2016 3140 2181 3196 dicens]

300 3208 412 3249 quae
432 3196 544 3240 dicit
574 3199 615 3241 V
698 3200 724 3242 5
755 3200 913 3244 timore
938 3216 993 3245 ex
1014 3218 1135 3247 more
1158 3207 1220 3250 W
1238 3221 1291 3250 m.
1316 3210 1348 3250 2
1436 3210 1464 3252 8
1496 3211 1746 3267 argentum]
1771 3210 1878 3254 add.
1903 3225 1951 3256 v:
1982 3211 2182 3254 homines

300 3279 403 3310 uero
435 3269 715 3325 receptibiles
737 3271 782 3314 in
805 3273 975 3317 camino
1000 3275 1329 3321 humiliationis
1440 3282 1465 3324 9
1497 3282 1732 3337 pignorum
1759 3281 1890 3326 WOv
2009 3283 2064 3325 10
2094 3295 2181 3326 non

300 3337 445 3381 uictus
466 3353 545 3382 om.
580 3341 618 3383 G
729 3343 781 3385 12
813 3346 937 3386 utero
961 3347 1118 3389 matris
1149 3349 1211 3392 02⁷
1320 3352 1373 3394 13
1407 3353 1487 3395 sub
1509 3355 1675 3396 terram
1696 3354 1769 3397 ibo
1799 3353 1835 3398 Ο
1943 3357 1988 3397 et
2017 3355 2080 3398 W
2096 3369 2130 3398 s.
2154 3356 2180 3400 l.

298 3422 353 3451 m.
375 3413 427 3461 2,
459 3424 538 3454 om.
560 3427 585 3455 v
675 3414 729 3456 14
761 3414 906 3457 uisum
931 3418 1013 3472 est]
1036 3418 1204 3472 placuit
1234 3422 1275 3462 V
1366 3424 1419 3466 16
1441 3437 1612 3479 quoque
1635 3439 1713 3468 sua
1734 3439 1759 3470 υ
1849 3426 1901 3469 17
1934 3413 2099 3470 ᾱηῖθ

300 3482 522 3533 quaerella
552 3484 588 3526 Ο
706 3485 759 3527 18
790 3486 1106 3542 insipientibus
1131 3490 1181 3540 S,
1216 3491 1382 3547 ineptis
1402 3494 1582 3540 OWGv
1673 3497 1727 3539 19
1759 3497 2004 3554 excepimus
2018 3497 2183 3551 SWV,

300 3551 535 3606 excipimus
565 3555 624 3606 Ο,
648 3557 929 3625 suscepimus
955 3572 1002 3612 v,
1035 3562 1357 3617 exsuseepimus
1387 3565 1428 3609 G
1541 3580 1616 3611 cur
1636 3581 1720 3612 non
1751 3568 1815 3613 Ov
1935 3569 1992 3612 20
2021 3570 2182 3613 tolera-

300 3634 396 3664 mus
415 3622 451 3665 S
525 3625 580 3668 22
601 3625 682 3669 dns
705 3627 754 3670 ds
776 3628 848 3671 illi
877 3628 916 3673 G
1012 3632 1113 3674 test.
1139 3634 1255 3686 perh.
1282 3635 1345 3679 W
1428 3636 1485 3679 24
1515 3638 1645 3682 1101110
1667 3652 1746 3683 om.
1773 3639 1811 3685 S
1895 3639 2074 3696 querela
2097 3641 2183 3685 Wv
