2332 3978
322 273 426 328 778
827 284 829 286 ’
985 273 1226 321 Caecilii
1265 276 1535 335 Cypriani

319 401 516 470 pariter
543 403 596 456 et
626 419 750 458 uera
775 405 910 458 sunt.
939 405 1165 460 ceterum
1191 407 1383 462 scimus
1409 407 1657 476 quosdam
1692 410 1826 478 quod
1860 412 2019 466 semel
2056 413 2196 467 inbi-

320 487 494 542 berint
529 489 668 544 nolle
707 490 956 559 deponere
991 508 1084 546 nec
1117 494 1440 563 propositum
1476 511 1630 548 suum
1666 495 1818 550 facile
1853 500 2074 565 mutare,
2109 500 2198 554 sed

323 574 466 627 saluo
499 575 635 629 inter
659 577 883 647 collegas
920 578 1061 646 pacis
1075 580 1140 632 'et
1165 581 1460 634 concordiae
1485 581 1691 635 uinculo
1718 583 1971 650 quaedam
1994 584 2201 653 propria

324 676 453 728 quae
478 661 615 730 apud
641 679 695 717 se
722 665 883 717 semel
908 665 1014 718 sint
1038 666 1287 733 usurpata
1311 667 1545 720 retinere.
1573 684 1675 736 qua
1699 668 1754 721 in
1779 685 1834 723 re
1857 685 1950 723 nec
1973 675 2065 724 nos
2089 671 2201 724 uim

325 747 565 815 cuiquam
600 749 817 804 facimus
853 753 944 805 aut
980 752 1149 822 legem
1186 747 1384 823 damuS‚
1424 755 1626 821 quando
1663 755 1851 809 habeat
1874 756 1929 810 in
1955 752 2196 811 ecclesiae
2214 777 2234 809 5

324 833 770 891 administratione
810 838 1095 891 uoluntatis
1122 855 1242 892 suae
1279 824 1554 894 arbitrium
1591 842 1815 896 liberum
1852 843 2202 911 unusquisque

323 922 661 989 praepositus
699 923 953 977 rationem
979 926 1124 978 actus
1148 926 1229 979 sui
1254 927 1476 980 Domino
1501 927 1814 981 redditurus
1858 930 2097 998 optamus
2131 931 2201 995 te,

327 1005 489 1062 frater
514 1010 795 1075 carissime,
829 1026 1029 1080 semper
1053 1011 1179 1065 bene
1206 1013 1390 1066 ualere.

702 1298 1320 1391 EPISTVLA
1396 1298 1832 1421 LXXIII.

776 1468 1112 1514 CYPRIANVS
1144 1470 1440 1516 IVBAIANO
1471 1470 1695 1515 FRATRI
1726 1471 1768 1515 S.
2226 1486 2269 1517 10

288 1658 308 1708 l
406 1656 669 1724 Scripsisti
721 1657 868 1721 mihi,
920 1657 1079 1710 frater
1123 1658 1401 1722 carissime,
1452 1658 1745 1712 desiderans
1790 1644 2069 1727 significari
2112 1657 2212 1711 tibi

334 1744 535 1796 motum
595 1744 754 1796 animi
813 1744 976 1797 nostri
1034 1744 1159 1810 quid
1216 1743 1363 1797 nobis
1422 1744 1664 1797 uideatur
1724 1744 1786 1797 de
1840 1745 2213 1797 haereticorum

334 1829 609 1898 baptism0‚
649 1830 737 1896 qui
775 1829 899 1882 foris
924 1830 1081 1897 positi
1109 1830 1160 1882 et
1186 1832 1329 1883 extra
1355 1831 1622 1884 ecclesiam
1650 1831 1921 1884 constituti
1947 1830 2216 1884 uindicant

342 1916 442 1969 sibi
482 1932 592 1970 rem
630 1931 722 1968 nec
763 1916 892 1969 iuris
931 1916 1012 1968 sui
1048 1931 1141 1968 nec
1174 1917 1461 1983 potestatis.
1509 1917 1645 1983 quod
1670 1931 1761 1970 nos
1786 1933 1877 1970 nec
1903 1918 2074 1970 ratum
2099 1931 2216 1984 pos-

336 2019 513 2057 sumus
548 2017 640 2055 nec
674 2002 972 2071 legitimum
1011 2004 1301 2070 conputare,
1340 2004 1540 2070 quando
1567 2003 1662 2056 hoc
1689 2003 1825 2070 apud
1851 2018 1934 2056 eos
1960 2018 2068 2056 esse
2094 2019 2213 2056 con·
2231 2028 2272 2059 ιε,

337 2091 440 2144 stet
485 2089 761 2142 inlicitum.
809 2090 861 2141 et
900 2088 1139 2155 quoniam
1184 2088 1287 2140 iam
1328 2103 1478 2155 super
1515 2088 1611 2141 hae
1649 2105 1702 2141 re
1743 2088 1868 2156 quid
1907 2088 2213 2142 sentiremus

335 2176 527 2230 litteris
562 2176 752 2228 nostris
793 2175 1151 2242 expressimuS‚
1192 2175 1251 2226 ut
1289 2174 1627 2241 conpendium
1667 2174 1886 2228 facerem
1926 2175 2215 2242 exemplum

341 2263 619 2316 earundem
654 2262 949 2315 litterarum
988 2260 1087 2313 tibi
1125 2261 1262 2325 misi,
1305 2261 1430 2328 quid
1464 2262 1518 2313 in
1545 2261 1759 2314 concilio
1799 2278 1916 2315 cum
1952 2262 2217 2328 conplures

426 2465 451 2507 1
475 2463 654 2519 scimus]
679 2462 816 2505 simus
839 2462 896 2506 N
1032 2462 1307 2506 imbiberunt
1327 2462 1459 2505 Hier.
1605 2462 1633 2504 2
1652 2474 1731 2505 nec
1752 2474 1833 2505 om.
1858 2461 1957 2506 LN
2094 2475 2219 2518 prae-

340 2558 536 2613 positum
563 2557 600 2613 Q
762 2557 790 2599 3
812 2556 953 2612 saluo]
976 2521 1054 2599 usosss
1085 2556 1122 2612 Q
1143 2556 1286 2608 (saluo
1309 2556 1384 2607 M)
1544 2555 1573 2598 4
1594 2567 1639 2597 se
1660 2567 1742 2598 om.
1765 2554 1817 2597 E
1968 2568 2100 2610 quam
2126 2555 2163 2612 Q

341 2643 421 2673 nec
442 2631 537 2686 nos]
560 2643 647 2673 non
668 2630 802 2673 Hier.
949 2629 976 2672 5
998 2615 1190 2684 quando]
1215 2628 1323 2683 quin
1344 2627 1495 2683 Hier„
1519 2640 1617 2670 cum
1640 2640 1665 2670 v
1799 2627 1826 2669 6
1848 2627 2095 2683 uoluptatis
2118 2628 2162 2671 L

342 2702 540 2745 arbrium
560 2702 604 2745 L
758 2702 783 2744 7
805 2701 1080 2758 praepositos
1106 2700 1156 2757 Q,
1180 2700 1241 2743 sit
1261 2700 1539 2755 praepositus
1560 2700 1691 2743 Hier.
1847 2699 2096 2742 reddituros
2117 2701 2167 2743 E

342 2775 547 2829 optamus
572 2807 581 2816 .
600 2807 609 2816 .
629 2807 638 2816 .
664 2774 811 2816 ualere
832 2786 915 2817 om.
938 2772 1038 2817 BN
1041 2775 1053 2795 ¹
1284 2773 1386 2827 opto
1408 2771 1502 2828 EQ
1741 2772 1769 2814 8
1788 2757 1893 2814 kffie
1910 2771 1958 2814 in
1978 2758 2141 2815 dfiB‘B.
2167 2796 2218 2803 —

341 2846 412 2890 Ad
443 2845 626 2901 (Caecili
658 2845 870 2901 Cypriani
905 2844 961 2888 ad
995 2843 1048 2901 Q)
1082 2843 1356 2900 Stephanum
1393 2843 1445 2886 de
1484 2842 1668 2886 concilio
1703 2842 1775 2899 (de
1810 2842 2138 2898 rebaptizandis
2170 2856 2220 2886 ex

344 2918 570 2962 sententia
591 2917 771 2960 concilii
793 2916 856 2970 Β)
879 2916 1062 2972 explicit
1084 2915 1277 2959 BELN
1277 2915 1325 2972 Q.
1350 2940 1404 2946 --

430 2990 573 3046 Epist.
605 2988 815 3032 LXXIII.
848 3014 902 3019 —
932 2987 1103 3042 Incipit
1139 2987 1195 3030 ad
1229 2986 1495 3029 quaianum
1531 2985 1809 3040 (iubaianum
1831 2985 1889 3037 B,
1924 2985 2142 3028 urbanum
2169 2985 2217 3037 T,

342 3060 574 3105 iuuianum
614 3061 686 3116 0¹)
725 3059 778 3103 de
814 3059 1026 3103 hereticis
1063 3058 1345 3114 baptizandis
1382 3058 1452 3111 (de
1488 3057 1759 3113 baptismate
1793 3056 2116 3099 haereticorum
2146 3055 2217 3111 B,-

344 3133 448 3176 add.
476 3132 555 3176 L:
600 3131 816 3187 epistulas
851 3143 1031 3173 numero
1067 3132 1174 3183 treS,
1210 3129 1316 3173 add.
1358 3130 1419 3173 T:
1461 3128 1651 3185 epistola
1687 3127 1805 3183 ·III·)
1842 3127 2127 3172 BGLNPT.
2165 3152 2220 3160 -

345 3206 402 3248 10
422 3204 630 3248 iuuaiano
653 3203 806 3255 BNP,
830 3202 885 3246 ad
905 3202 1115 3245 iubaiano
1143 3203 1184 3245 Τ
1341 3201 1394 3243 11
1414 3201 1528 3244 mihi
1550 3200 1595 3243 P
1614 3213 1646 3243 s.
1672 3200 1700 3243 l.
1721 3214 1776 3244 m.
1800 3201 1834 3243 2
1994 3198 2220 3242 carissime

346 3290 428 3321 om.
459 3277 496 3321 C
681 3275 938 3332 significans
959 3273 1207 3318 desiderare
1230 3275 1275 3316 te
1304 3273 1340 3318 C
1356 3273 1434 3317 sed
1454 3287 1500 3316 re
1521 3275 1567 3316 te
1590 3286 1645 3316 ex
1665 3286 1717 3315 ns
1890 3271 1979 3315 tibi
2001 3284 2099 3328 exp.
2130 3271 2167 3316 Ο

346 3349 402 3392 12
424 3348 597 3392 animae
616 3349 796 3391 nostrae
824 3347 862 3392 G
1023 3345 1138 3401 quod
1160 3345 1267 3390 ΒΟι
1439 3344 1495 3388 13
1514 3344 1784 3401 baptismate
1805 3344 1850 3387 B
2010 3343 2119 3386 foris
2144 3375 2152 3384 .
2174 3375 2181 3383 .
2203 3375 2211 3383 .

347 3420 586 3464 constituti
607 3432 689 3463 om.
715 3419 759 3462 B
975 3418 1031 3461 15
1052 3416 1325 3473 computare]
1348 3416 1542 3460 iudicare
1563 3430 1603 3468 υ,
1624 3417 1783 3472 putare
1803 3416 2000 3472 Auyust.
2023 3414 2079 3458 de
2098 3414 2220 3470 bapt.

348 3496 511 3536 contra
533 3491 655 3535 Don.
680 3490 743 3534 II
756 3492 813 3533 13
1053 3501 1144 3532 esse
1166 3500 1248 3531 om.
1272 3488 1316 3531 L
1556 3487 1611 3530 16
1631 3484 1871 3543 inlicitum]
1894 3485 2100 3530 inclitum
2121 3484 2165 3529 L

348 3563 440 3607 iam
462 3576 543 3607 om.
568 3562 603 3607 C
646 3613 648 3616 v
776 3574 826 3604 ac
849 3561 890 3604 Τ
1059 3559 1114 3603 18
1134 3559 1261 3603 missi
1283 3559 1321 3604 C
1391 3605 1394 3609 ,
