2332 3978
344 289 450 344 528
999 284 1248 331 Caecilii
1292 275 1563 342 Cypria‘ni

344 417 477 486 legis
525 417 850 471 contactibus
896 431 1080 470 manus
1129 431 1248 470 suas
1295 417 1461 483 adque
1508 429 1596 468 ora
1633 414 1979 468 maculassent
2015 413 2101 468 uel
2135 429 2225 469 116-
2272 446 2278 451 --

346 502 517 557 fandis
566 502 760 556 libellis
808 503 1148 556 nihilominus
1203 501 1568 557 conscientiam
1616 500 1924 570 polluissent
1967 500 2224 554 exambire
2271 562 2274 564 ³

346 588 412 642 ad
448 590 703 658 martyras
747 589 959 657 passim,
1010 576 1320 643 confessores
1358 602 1558 656 quoque
1594 588 1871 655 inportuna
1908 586 1960 640 et
1997 586 2241 655 gratiosa.
2286 581 2290 584 ’

346 675 701 744 deprecatione
739 691 1071 744 conrumpere
1096 677 1158 728 ut
1182 675 1291 728 sine
1316 674 1424 727 ullo
1452 673 1752 727 discrimine
1791 673 1957 740 adque
1994 671 2226 727 examine
2284 703 2285 706 =

346 761 669 830 singulorum
718 761 961 815 darentur
1008 761 1197 815 cotidie
1234 760 1533 814 libellorum
1569 760 1719 813 milia
1757 761 1933 813 contra
1969 758 2226 829 euangelii
2241 781 2261 814 5
2289 765 2296 775 “

345 848 532 917 legem,
571 848 774 902 litteras
800 847 899 901 feci
925 847 1112 915 quibus
1150 847 1407 916 martyras
1433 847 1487 899 et
1513 846 1825 900 confessores
1863 845 2076 899 consilio
2112 859 2226 910 meo
2295 864 2314 870 ·

348 936 599 1002 quantum
645 950 844 1002 possem
884 935 948 987 ad
987 933 1242 988 dominica
1286 932 1557 1000 praecepta
1593 947 1899 986 reuocarem.
1949 932 2077 985 item
2113 947 2249 1002 pre·

348 1021 570 1090 sbyteris
613 1022 665 1074 et,
702 1021 1000 1074 diaconibus
1046 1035 1147 1073 non
1193 1019 1362 1073 defuit
1409 1019 1681 1073 sacerdotii
1726 1019 1877 1088 uigor
1912 1020 1973 1073 ut
2019 1018 2230 1087 quidam
2302 1006 2315 1094 ³·ss

348 1107 524 1159 minus
550 1107 851 1175 disciplinae
876 1121 1128 1159 memores
1155 1107 1208 1159 et
1233 1106 1509 1159 temeraria
1542 1105 1873 1159 festinatione
1905 1105 2227 1174 praecipites,
2311 1129 2316 1138 ·

350 1194 439 1261 qui
490 1209 608 1245 cum
656 1192 815 1260 lapsis
865 1191 1244 1246 communicare
1293 1192 1400 1245 iam
1450 1194 1736 1259 coeperant,
1789 1192 2226 1260 conprimerentur
2247 1201 2332 1266 1027}

349 1279 787 1341 intercedentibus
824 1279 986 1331 nobis,
1024 1278 1166 1347 plebi
1201 1294 1400 1346 quoque
1425 1278 1529 1347 ipsi
1555 1279 1806 1346 quantum
1830 1278 2096 1347 potuimus
2122 1276 2234 1331 ani·

351 1382 497 1419 mum
545 1365 904 1433 conposuimus
944 1367 996 1418 et
1034 1366 1094 1418 ut
1132 1364 1480 1419 ecclesiastica
1518 1365 1792 1433 disciplina
1829 1366 2120 1419 seruaretur
2154 1363 2232 1416 in·
2324 1356 2332 1386 ‘³

350 1453 648 1505 struximus,

304 1540 333 1590 3
421 1538 764 1592 Postmodum
802 1553 922 1591 uero
961 1555 1091 1592 cum.
1119 1539 1333 1606 quidam
1360 1539 1420 1592 de
1445 1538 1606 1606 lapsis
1643 1538 1755 1592 siue
1791 1554 1883 1592 sua
1917 1539 2096 1607 sponte
2122 1537 2231 1591 siue

353 1625 455 1679 alio
502 1625 773 1678 incitatore
820 1625 1003 1678 audaci
1048 1625 1373 1695 flagitatione
1410 1626 1708 1693 proruerent
1746 1626 1806 1678 ut
1842 1640 2021 1694 pacem
2068 1623 2168 1678 sibi
2205 1639 2291 1676 a1s

353 1712 669 1781 martyribus
697 1712 748 1764 et
775 1710 1149 1764 confessoribus
1186 1712 1495 1780 promissam
1534 1714 1832 1780 extorquere
1869 1711 2098 1765 uiolento
2136 1711 2236 1764 im-

354 1799 477 1866 petu
522 1798 826 1862 niterentur,
877 1799 939 1851 de
985 1798 1080 1851 1106
1128 1799 1289 1852 etiam
1335 1799 1415 1851 bis
1454 1800 1520 1852 ad
1558 1799 1752 1852 clerum
1799 1798 2001 1851 litteras
2049 1797 2147 1850 feci
2185 1797 2237 1850 et

354 1885 460 1954 legi
508 1885 580 1937 eis
627 1885 887 1949 mandaui,
942 1887 1002 1938 ut
1049 1886 1114 1938 ad
1160 1885 1374 1938 illorum
1423 1885 1726 1939 uiolentiam
1776 1885 1989 1938 interim
2039 1897 2237 1952 quoque

354 1986 538 2039 genere
576 1971 939 2040 mitigandam,
980 1972 1024 2024 si
1051 1973 1139 2040 qui
1178 1972 1355 2025 libello
1384 1989 1413 2026 a
1438 1972 1757 2042 martyribus
1796 1973 2002 2039 accepto
2038 1972 2100 2023 de
2126 1985 2235 2022 sae-

356 2056 470 2108 culo
518 2057 831 2123 excederent,
882 2059 1222 2127 exomologesi
1261 2059 1399 2112 facta
1437 2061 1489 2112 et
1526 2075 1684 2117 manu
1721 2058 1793 2112 eis
1830 2059 1886 2111 in
1922 2056 2240 2125 paenitentia
2255 2071 2297 2104 20

353 2141 580 2209 inposita
627 2160 744 2196 cum
791 2160 913 2212 pace
961 2145 1061 2197 sibi
1108 2162 1138 2198 a
1184 2146 1501 2214 martyribus
1549 2146 1804 2214 promissa
1854 2145 1919 2198 ad
1957 2144 2240 2197 Dominum

357 2228 759 2282 remitterentur.
799 2231 971 2283 necin
995 2231 1092 2284 hoc
1129 2232 1301 2301 legem
1340 2233 1458 2284 dedi
1496 2232 1587 2285 aut
1623 2248 1706 2284 me
1746 2232 2008 2284 auctorem
2045 2231 2236 2283 temere

359 2315 619 2368 constitui.
664 2317 751 2369 sed
790 2333 909 2370 611111
947 2318 1212 2371 uideretur
1249 2320 1301 2372 et
1338 2319 1497 2372 honor
1533 2317 1852 2387 martyribus
1889 2315 2153 2370 habendus
2186 2315 2238 2367 et

359 2415 534 2453 eorum
572 2401 661 2469 qui
699 2403 871 2456 omnia
907 2404 1116 2457 turbare
1155 2405 1431 2473 cupiebant
1468 2405 1693 2472 impetus
1733 2403 2139 2471 conprimenduS,
2188 2401 2240 2453 et

358 2488 622 2554 praeterea
658 2490 834 2542 uestra
871 2491 1063 2559 scripta
1099 2491 1345 2560 legissem
1384 2508 1513 2559 quae
1548 2491 1611 2543 ad
1648 2491 1842 2543 clerum
1879 2490 2115 2542 nostrum
2151 2501 2241 2553 per
2256 2501 2295 2534 25

360 2571 709 2627 Crementium
746 2575 1155 2643 hypodiaconum
1192 2594 1354 2646 nuper
1386 2578 1640 2642 feceratis,
1682 2579 1741 2629 ut
1766 2577 1848 2628 his
1875 2575 1963 2644 qui
1989 2576 2105 2644 post
2129 2574 2241 2640 lap-

361 2674 476 2711 sum
525 2660 829 2714 infirmitate
877 2663 1182 2731 adprehensi
1229 2665 1397 2717 essent
1441 2664 1493 2717 et
1529 2663 1849 2732 paenitentes
1897 2659 2243 2715 communica-

359 2743 554 2796 tionem
581 2744 926 2798 desiderarent
952 2747 1330 2814 subueniretur,
1370 2748 1615 2801 standum
1640 2747 1824 2815 putaui
1850 2747 1901 2799 et
1927 2762 2045 2799 cum
2071 2744 2244 2797 uestra

448 2914 475 2956 2
506 2913 624 2957 nihil
654 2915 912 2960 hominibus
932 2917 988 2961 N
1097 2920 1125 2962 3
1156 2921 1375 2975 martyres
1396 2919 1518 2963 LNv
1634 2918 1820 2974 passim]
1851 2918 1903 2960 ut
1931 2916 2114 2973 possent
2150 2914 2193 2958 V

362 2984 389 3027 6
420 2988 637 3041 martyres
668 2987 744 3032 Nv
890 2990 915 3032 7
945 3003 1073 3046 posse
1104 2990 1149 3034 L
1283 3004 1488 3035 reuocare
1518 2991 1578 3035 M
1609 2991 1877 3046 (reuocarem
1914 2987 1967 3044 Q)
2114 2986 2143 3030 8
2173 2997 2244 3029 sa-

363 3056 490 3100 cerdo
520 3058 564 3101 L
692 3059 747 3103 10
778 3061 1000 3115 coeperint
1030 3062 1075 3105 L
1190 3063 1244 3106 11
1277 3063 1459 3118 quantis
1489 3062 1540 3106 F
1650 3061 1822 3105 animos
1857 3059 1924 3104 Vv
2040 3057 2096 3101 12
2126 3070 2243 3101 cum-

362 3129 592 3185 posuimus
623 3131 687 3174 M
711 3132 850 3189 (conp.
891 3132 945 3189 Q)
1096 3135 1151 3178 15
1181 3135 1270 3178 alio
1300 3135 1358 3188 F,
1390 3132 1539 3191 aliquo
1570 3133 1738 3191 LNQv
1872 3130 2058 3175 audacia
2087 3129 2137 3173 F

364 3200 596 3258 flagitionc
627 3203 683 3248 N
839 3205 1091 3261 proruerint
1120 3207 1178 3261 F,
1209 3207 1546 3262 prorumperent
1583 3205 1651 3250 Vv
1813 3216 1841 3247 a
1871 3216 1927 3247 ex
1955 3215 2055 3247 cum
2085 3201 2142 3246 N

365 3273 422 3316 16
462 3273 654 3318 uiolenti
684 3275 746 3319 M
782 3276 1000 3330 (uiolento
1036 3277 1092 3334 Q)
1259 3278 1318 3324 18
1358 3290 1530 3334 quoquo
1561 3277 1638 3321 Nv
1800 3275 1858 3319 20
1897 3270 2245 3328 exhomologesis

364 3345 550 3428 FAENQ
702 3361 859 3392 manus
890 3349 932 3393 ei
963 3349 1016 3393 F
1160 3350 1488 3407 paenitentiam
1516 3362 1542 3394 υ
1687 3349 1743 3392 21
1773 3347 1830 3392 ad
1859 3332 2132 3401 dffi‘LNw
2170 3341 2245 3399 (ad

365 3416 578 3491 dnme)
742 3429 801 3474 24
831 3424 1187 3485 conprimendum
1216 3424 1267 3468 F
1424 3422 1482 3467 25
1512 3434 1624 3478 quae
1653 3421 1712 3473 F,
1742 3431 1856 3476 quae
1885 3418 1968 3461 hoc
1997 3415 2106 3468 LN,
2135 3425 2247 3470 quac

366 3509 447 3552 hos
471 3507 522 3565 Q,
553 3518 666 3564 quae
692 3503 781 3548 huc
810 3513 836 3545 v
965 3497 1022 3543 26
1052 3495 1341 3543 clementium
1370 3507 1398 3539 υ
1512 3493 1602 3550 his]
1634 3493 1694 3537 iis
1724 3505 1752 3537 v
1882 3489 1939 3533 28
1970 3484 2247 3532 subueniret·

366 3582 442 3623 tur
472 3579 517 3624 L
