2332 3978
294 341 401 396 822
959 338 1205 385 Caecilii
1244 337 1517 396 Cypriani

295 469 370 524 316
411 486 601 540 magna
637 471 690 524 et
715 468 960 524 caelestia
1006 468 1246 522 ecclesiae
1292 484 1507 522 munera
1549 468 1822 522 haereticis
1865 469 2101 523 concedit
2126 471 2182 524 et
2280 498 2282 501 ·

292 556 498 625 tribuit,
536 556 661 624 quid
696 555 842 609 aliud
878 570 1033 623 quam
1059 554 1408 607 communicat
1433 554 1506 607 eis
1533 554 1720 622 quibus
1744 555 1953 609 tantum
1979 556 2182 625 gratiae
2278 548 2288 553 “

294 641 526 695 defendit
565 658 624 695 ac
661 641 930 695 uindicat?
974 641 1025 693 et
1062 641 1259 694 frustra
1297 640 1404 693 iam
1446 639 1653 693 dubitat
1676 641 1732 693 in
1758 641 1941 695 ceteris
1979 656 2180 710 quoque

295 727 580 781 consentire
606 727 679 780 eis
705 727 757 780 et
781 726 1041 795 particeps
1069 741 1192 791 esse,
1232 726 1290 779 ut
1316 727 1369 779 et
1395 725 1555 779 simul
1581 742 1699 779 cum
1727 725 1800 779 eis
1828 727 2100 781 conueniat
2126 729 2179 781 et

294 814 550 867 orationes
595 813 791 880 pariter
835 828 954 866 cum
994 812 1188 865 eisdem
1227 811 1443 865 misceat
1481 812 1533 865 et
1572 811 1736 865 altare
1771 827 1830 866 ac
1868 812 2178 867 sacrificium
2195 833 2220 866 ε,

295 914 566 953 commune
592 900 892 953 constituat.
2294 892 2300 899 ’

211 993 275 1045 18
366 985 465 1039 Sed
502 985 556 1038 in
593 986 838 1049 multum,
883 984 1071 1051 inquit,
1115 983 1319 1050 proficit
1363 998 1551 1036 nomen
1587 982 1781 1037 Christi
1824 984 1890 1038 ad
1933 985 2090 1038 fidem
2129 988 2182 1039 et

294 1071 544 1140 baptismi
571 1070 1045 1138 sanctificationem,
1072 1070 1134 1122 ut
1159 1069 1471 1136 quicumque
1497 1070 1549 1122 et
1569 1070 1880 1138 ubicumque
1902 1071 1956 1123 in
1975 1071 2182 1124 nomine

294 1156 488 1210 Christi
538 1156 830 1224 baptizatus
878 1154 1035 1207 fuerit
1079 1156 1418 1228 consequatur
1462 1157 1645 1209 statim
1689 1157 1914 1225 gratiam
1959 1156 2179 1211 Christi:

293 1245 496 1312 quando
534 1244 656 1296 huic
691 1244 802 1296 loco
839 1242 1068 1295 breuiter
1108 1243 1304 1295 occurri
1342 1243 1507 1310 possit
1541 1243 1593 1294 et
1629 1242 1730 1295 dici
1769 1244 2011 1310 quoniam
2048 1244 2091 1296 si
2127 1244 2247 1296 11116
2326 1285 2332 1307 ,

294 1331 501 1384 1101111116
529 1329 722 1383 Christi
763 1329 933 1382 ualuit
972 1327 1097 1381 foris
1136 1328 1400 1396 baptisma
1438 1329 1503 1381 ad
1529 1329 1794 1381 hominem
1833 1330 2179 1399 purgandum,
2325 1312 2332 1406 ζ

298 1417 354 1469 111
383 1417 613 1470 eiusdem
641 1415 833 1468 Christi
872 1414 1081 1467 nomine
1107 1414 1281 1467 ualere
1308 1414 1421 1466 11116
1446 1415 1619 1482 potuit
1647 1416 1699 1467 et
1725 1432 1909 1469 manus
1936 1417 2182 1483 inpositio

296 1504 360 1556 ad
399 1503 758 1570 accipiendum
803 1501 1048 1568 spiritum
1094 1508 1347 1553 sanctum.
1396 1502 1447 1553 et
1485 1501 1738 1569 incipient
1778 1502 1945 1554 cetera
1982 1518 2183 1570 quoque

295 1606 426 1658 quae
453 1590 588 1656 apud
612 1588 897 1642 haereticos
925 1589 1151 1656 aguntur
1175 1588 1316 1640 iusta
1343 1588 1395 1641 61
1418 1588 1662 1656 legitima
1688 1589 1871 1653 uideri,
1900 1590 2103 1656 quando
2125 1590 2179 1642 in

294 1676 500 1729 nomine
528 1674 723 1728 Christi
759 1675 1020 1743 gerantur,
1061 1675 1345 1726 secundum
1383 1675 1519 1741 quod
1554 1689 1646 1728 uos
1671 1676 1726 1727 in
1755 1676 1973 1742 epistola
2007 1677 2181 1729 1163116
2198 1697 2244 1729 15

297 1763 524 1819 exsecuti
552 1762 675 1815 estis
701 1776 801 1814 non
820 1761 923 1814 nisi
943 1761 998 1812 in
1020 1760 1234 1814 66616316
1262 1761 1370 1814 3016
1396 1762 1569 1814 1161616
1596 1777 1743 1828 posse
1761 1761 1954 1815 Christi
1981 1777 2182 1829 nomen,

300 1849 383 1902 6111
409 1849 500 1901 11111
527 1847 836 1902 concesserit
862 1846 1099 1900 Christus
1127 1848 1363 1901 caelestis
1390 1849 1591 1917 gratiae
1616 1850 1945 1917 potestatem.

211 1946 279 1997 19
371 1933 517 1999 Quod
562 1936 738 1988 autem
780 1934 1035 2000 pertineat
1079 1934 1143 1986 ad
1184 1935 1606 1987 consuetudinem
1650 1935 1984 1988 refutandum
2030 1952 2183 2003 quam

302 2021 579 2074 uideantur
615 2035 864 2089 opponere
900 2020 1131 2084 ueritati,
1169 2021 1284 2087 quis
1313 2021 1425 2073 tam
1452 2037 1616 2074 uanus
1643 2021 1713 2073 sit
1739 2022 1798 2073 ut
1824 2022 2036 2074 ueritati
2061 2037 2181 2075 con-

300 2109 628 2161 suetudinem
647 2106 904 2174 praeferat
923 2107 1014 2158 aut
1035 2106 1124 2173 qui
1143 2107 1410 2173 perspecta
1429 2107 1542 2159 luce
1569 2107 1805 2160 tenebras
1831 2123 1931 2161 non
1958 2109 2179 2161 derelin-
2200 2126 2248 2158 20

298 2196 461 2262 quat?
511 2193 613 2246 nisi
665 2193 709 2246 si
753 2194 805 2245 et
849 2192 1067 2245 Iudaeos
1114 2191 1318 2246 Christo
1370 2194 1684 2247 aduentante
1733 2194 1788 2246 id
1833 2197 1912 2247 est
1962 2196 2183 2250 ueritate

298 2281 516 2334 adiuuat
553 2280 608 2332 in
647 2280 819 2346 aliquo
865 2279 1228 2346 antiquissima
1272 2281 1599 2345 consuetudo,
1647 2281 1782 2348 quod
1826 2281 2009 2334 relicta
2051 2297 2184 2334 noua

296 2367 537 2419 ueritatis
575 2366 664 2419 uia
698 2366 752 2418 in
779 2366 1038 2418 uetustate
1076 2367 1466 2433 permanserint.
1509 2368 1645 2435 quod
1686 2368 1896 2435 quidem
1937 2370 2183 2422 aduersus

297 2452 615 2520 Stephanum
652 2469 743 2505 uos
779 2453 947 2506 dicere
973 2453 1093 2505 Afri
1118 2453 1334 2520 potestis
1362 2454 1568 2522 cognita
1593 2454 1814 2507 ueritate
1843 2469 2065 2507 errorem
2092 2469 2182 2506 uos

298 2541 683 2593 consuetudinis
719 2540 1004 2607 reliquisse.
1045 2542 1275 2593 ceterum
1312 2555 1404 2594 nos
1430 2541 1646 2593 ueritati
1674 2542 1726 2593 61
1752 2541 2178 2594 consuetudinem
2195 2558 2243 2591 25

295 2626 563 2695 iungimus
590 2627 641 2679 et
668 2627 1027 2679 consuetudini
1046 2628 1395 2680 Romanorum
1421 2627 1844 2680 consuetudinem
1872 2628 1959 2680 sed
1985 2627 2181 2679 uerita-

294 2712 367 2764 tis
395 2713 714 2780 opponimuS‚
755 2714 819 2766 ab
846 2714 996 2766 initio
1033 2715 1131 2767 hoc
1166 2715 1399 2766 tenentes
1436 2714 1571 2781 quod
1598 2730 1627 2766 a
1654 2712 1858 2766 Christo
1893 2715 1944 2766 et
1970 2714 2032 2766 ab
2060 2728 2183 2780 apo-

297 2799 445 2850 stolis
488 2800 743 2852 traditum
788 2800 881 2852 est.
934 2816 1026 2853 nec
1069 2801 1405 2853 meminimus
1452 2800 1548 2853 hoc
1593 2800 1728 2867 apud
1772 2815 1862 2853 nos
1907 2801 2181 2867 aliquando

297 2886 538 2954 coepisse,
578 2901 696 2938 cum
733 2901 934 2953 semper
970 2886 1044 2939 sic
1080 2887 1201 2939 13116
1228 2887 1562 2939 obseruatum
1589 2887 1660 2940 sit
1687 2888 1746 2939 ut
1771 2901 1872 2939 non
1896 2886 2001 2947 11131,
2025 2902 2181 2938 11116111

295 2972 393 3024 1)61
435 2972 702 3025 ecclesiam
742 2986 1007 3023 nossemus
1042 2973 1094 3024 et
1121 2974 1359 3025 sanctum
1397 2972 1657 3039 baptisma
1696 2987 1797 3024 non
1835 2972 1936 3024 nisi
1977 2973 2180 3024 36116166
2199 2991 2248 3024 30

298 3058 539 3111 666163166
603 3058 1014 3125 conputaremuS.
1090 3059 1242 3127 plane
1304 3059 1547 3126 quoniam
1610 3059 1820 3125 quidam
1884 3058 1945 3111 de
2010 3073 2184 3111 eorum

382 3244 410 3287 2
431 3243 570 3300 aliud]
593 3244 714 3287 aliud
736 3244 835 3300 agit
853 3257 880 3287 v
1033 3242 1197 3299 quibus
1219 3257 1302 3287 om.
1327 3244 1386 3289 M
1405 3243 1524 3299 (emh.
1556 3242 1614 3298 Q)
1768 3244 1797 3286 4
1818 3243 2058 3299 participes
2081 3243 2131 3286 E

297 3315 324 3359 9
347 3315 498 3371 gratia
522 3315 559 3372 Q
704 3316 758 3359 11
781 3316 870 3359 oris
891 3315 953 3359 M
971 3315 1097 3370 (foris
1123 3315 1178 3372 Q)
1320 3315 1374 3359 13
1396 3314 1628 3371 incipient]
1652 3314 1726 3358 uel
1747 3314 1969 3370 incipiant
1990 3314 2025 3357 I
2039 3328 2072 3358 s.
2096 3315 2123 3359 l.

298 3387 354 3429 14
375 3400 486 3442 quae
508 3400 590 3431 om.
614 3386 798 3443 EQ¹M
1054 3387 1108 3430 16
1129 3400 1287 3430 nomen
1308 3386 1469 3431 christi
1489 3400 1516 3430 υ
1776 3387 1832 3430 18
1851 3386 2045 3442 pertinet
2069 3386 2127 3430 Iv

296 3457 579 3501 refutandam
608 3459 694 3513 Ev,
731 3458 1025 3514 reputandum
1062 3457 1123 3515 Q;
1157 3458 1215 3512 cf.
1241 3472 1292 3514 p.
1323 3460 1494 3514 820,17
1756 3458 1811 3501 19
1842 3457 2048 3501 uidentur
2071 3458 2125 3502 Iv

295 3529 353 3572 21
374 3530 583 3587 ueritate]
611 3530 815 3574 ueniente
837 3529 944 3574 add.
970 3529 1008 3587 Q
1255 3529 1312 3573 22
1332 3528 1549 3573 adiuuant
1575 3529 1613 3586 Q
1862 3528 1995 3585 noua]
2017 3541 2104 3572 non
2125 3529 2191 3573 M

298 3603 433 3655 (noua
457 3601 510 3659 Q)
684 3602 740 3645 29
762 3601 824 3645 316
845 3613 926 3646 om.
952 3601 1056 3646 ΕΙυ
