2332 3978
693 243 987 302 Epistulae
1025 244 1197 289 XXII.
1228 257 1262 289 6.
1296 246 1420 290 1-3.
1888 248 1994 302 535

46 415 50 418 ’
116 392 345 457 Ariston,
374 391 462 459 qui
488 389 596 443 Deo
623 390 829 443 uolente
854 389 909 442 in
935 403 1134 442 carcere
1158 387 1297 441 fame
1322 389 1490 441 necati
1517 390 1661 442 sunt:
1699 405 1915 458 quorum
1942 392 1994 444 et

114 491 206 532 nos
231 476 394 530 socios
418 476 621 529 futuros
646 475 786 528 intra
811 475 920 527 dies
947 472 1186 527 audietis
1213 473 1320 526 iam
1345 474 1483 527 enim
1507 477 1568 527 ut
1592 475 1779 529 iterato
1805 476 1993 530 reclusi

114 578 291 616 sumus
318 563 440 615 sunt
465 562 574 615 dies
600 562 713 615 octo
738 561 794 613 in
820 560 903 613 die
930 574 1028 627 quo
1053 558 1155 612 tibi
1179 558 1382 611 litteras
1408 560 1607 628 scripsi.
1649 577 1770 614 nam
1796 562 1848 614 et
1874 563 1993 616 ante

16 652 18 654 ’
102 649 225 716 γ(1166
264 649 378 702 octo
414 663 504 716 per
537 647 646 700 dies
681 647 906 715 quinque
942 645 1137 699 medios
1170 644 1432 698 modicum
1457 646 1604 722 panis
1627 648 1915 714 accepimus
1942 648 1994 700 et

74 751 93 783 s
113 750 300 803 aquam
319 734 383 787 ad
402 748 711 788 mensuram.
740 734 792 786 et
809 732 940 799 ideo,
967 731 1144 800 frater,
1170 732 1289 799 peto
1309 732 1369 784 ut
1389 731 1525 784 sicut
1549 731 1650 797 hic,
1674 748 1792 786 cum
1810 733 1992 787 Domi-

110 836 207 874 nus
251 818 477 887 coeperit·
515 819 616 886 ipsi
659 819 902 872 ecclesiae
939 833 1119 885 pacem
1157 817 1294 882 dare,
1341 817 1622 871 secundum
1658 820 1991 887 praeceptum

110 905 261 959 Pauli
296 906 348 958 et
371 907 606 959 nostrum
648 906 935 958 tractatum
977 902 1206 972 exposita
1245 919 1398 958 causa
1431 904 1567 971 apud
1607 904 1902 972 episcopum
1939 907 1993 959 et

110 992 246 1046 facta
280 991 622 1061 exomologesi
656 991 878 1045 habeant
911 1006 1108 1058 pacem,
1145 1006 1247 1044 non
1284 991 1492 1044 tantum
1516 990 1629 1060 hae,
1671 990 1760 1044 sed
1787 992 1840 1044 et
1866 1006 1993 1058 quas

111 1078 211 1133 scis
236 1078 300 1131 ad
327 1077 561 1131 animum
586 1077 822 1130 nostrum
847 1076 1117 1144 pertinere.

40 1155 98 1214 ἰο
183 1162 422 1217 Salutant
459 1178 551 1216 uos
591 1163 818 1239 collegae
856 1163 961 1216 mei
1000 1162 1244 1216 uniuersi.
1292 1177 1384 1216 uos
1423 1163 1648 1217 salutate
1683 1161 1992 1216 confessores
2009 1171 2040 1223 3

110 1249 320 1303 Domini
356 1250 446 1318 qui
470 1249 547 1302 ibi
571 1249 840 1302 uobiscum
866 1249 1003 1318 sunt,
1046 1263 1266 1316 quorum
1291 1249 1501 1302 nomina
1526 1247 1833 1318 significasti
1857 1248 1992 1301 inter

111 1350 235 1404 quos
262 1337 314 1389 et
339 1334 646 1389 Saturninus
683 1352 802 1389 cum
838 1335 1115 1388 comitibus
1151 1335 1275 1400 61116,
1318 1336 1408 1388 sed
1443 1337 1495 1388 et
1530 1335 1730 1404 collega
1767 1350 1914 1387 meus
1941 1335 1993 1389 et

108 1421 284 1488 MariS‚
330 1420 557 1476 Collecta
592 1423 644 1475 et
678 1421 927 1486 Emerita,
965 1419 1274 1489 Calpurnius
1311 1422 1364 1474 et
1397 1421 1580 1496 Maria²
1617 1419 1824 1490 Sabina,
1865 1419 1991 1488 Spe-

111 1508 239 1577 sina‚
286 1508 338 1561 et
376 1523 570 1562 sorores
608 1508 864 1573 Ianuaria,
901 1507 1112 1572 Datiua,
1139 1507 1363 1561 Donata.
1409 1507 1696 1560 salutamus
1732 1523 1849 1560 cum
1885 1506 1992 1559 suis

25 1583 94 1646 ‘1⁵
112 1592 374 1658 Saturum,
413 1594 720 1647 Bassianum
760 1594 812 1647 et
847 1593 1146 1648 uniuersum
1189 1594 1401 1663 clerum,
1429 1593 1698 1662 Vranium‚
1727 1594 1988 1662 Alexium,

112 1679 465 1746 Quintianum,
510 1679 804 1734 Colonicam
843 1681 895 1733 et
920 1679 1187 1734 uniuersos
1222 1681 1358 1748 pet0‚
1400 1694 1618 1747 quorum
1652 1679 1860 1732 nomina
1892 1694 1993 1732 non

110 1765 307 1835 scripsi,
354 1766 475 1833 quia
509 1766 620 1819 tam
654 1766 819 1820 lassus
855 1782 1011 1820 eram.
1057 1766 1171 1820 ideo
1195 1766 1458 1835 ignoscere
1484 1766 1685 1819 debent.
1736 1766 1856 1833 opto
1882 1781 1991 1829 1106,

109 1851 354 1905 Alexium
379 1852 432 1904 et
452 1850 750 1906 Getulicum
770 1853 822 1906 et
842 1852 1157 1922 argentarios
1186 1852 1239 1905 et
1264 1867 1458 1906 sorores
1482 1852 1611 1905 bene
1637 1851 1825 1905 ualere.
1854 1851 1993 1904 salu-

109 1938 224 1991 tant
261 1952 352 1991 uos
389 1952 582 1991 sorores
616 1954 760 1992 meae
785 1938 1026 1992 Ianuaria
1050 1939 1102 1991 et
1127 1937 1318 2007 Sophia
1343 1954 1467 2006 quas
1492 1937 1639 1991 uobis
1675 1937 1990 1991 commendo,

6 2144 11 2155 ‹=
10 2117 18 2125 ;
0 2002 33 2078 ‘³323
0 1978 17 1987 -ῑ

193 2138 219 2180 1
240 2136 451 2181 aristonis
471 2151 510 2191 v,
533 2137 627 2182 ario
649 2154 681 2194 μ
845 2124 950 2182 dffo‘
952 2155 984 2196 μ
1149 2151 1365 2182 carcerem
1385 2138 1547 2181 famem
1572 2139 1623 2193 T,
1646 2150 1817 2181 carcere
1838 2150 1878 2181 w

13 2202 18 2207 ⁴
106 2208 136 2254 2
154 2208 273 2253 diem
295 2226 327 2266 μ
462 2210 529 2267 ut]
552 2223 603 2254 ex
623 2223 708 2267 quo
730 2224 838 2265 ‹pwv
971 2213 1024 2256 ut
1043 2211 1091 2255 id
1110 2212 1208 2255 crat
1227 2223 1299 2254 ore
1320 2210 1433 2254 clusi
1454 2227 1486 2267 μ
1624 2210 1653 2253 4
1671 2223 1832 2266 panem
1855 2222 1933 2265 ‹pw

106 2281 135 2325 5
154 2293 271 2338 aqua
290 2281 346 2326 ad
365 2295 571 2326 mensura
596 2284 637 2325 T
730 2283 861 2340 sicut]
884 2283 945 2327 sit
966 2300 1023 2341 μ,·
1046 2283 1165 2327 sicut
1184 2283 1259 2326 hic
1280 2286 1547 2339 corruptum
1654 2282 1679 2324 7
1702 2281 1731 2324 d
1750 2281 1875 2338 pauli
1897 2299 1932 2336 φ

106 2354 160 2397 ut
178 2353 380 2410 exposita
399 2357 450 2398 63
471 2355 576 2397 ante
596 2340 747 2411 ep'ffsu
902 2356 930 2399 8
950 2355 1139 2399 habeam
1160 2372 1192 2412 μ
1346 2355 1455 2399 haec
1477 2372 1526 2408 φ,
1548 2355 1663 2399 hano
1684 2371 1716 2410 μ
1816 2346 1831 2364 “
1863 2354 1988 2411 quas]

108 2414 139 2480 ξ
155 2441 188 2481 μ
331 2425 359 2469 9
380 2425 574 2470 animam
594 2442 640 2479 ιι,
663 2440 797 2470 anum
823 2443 858 2483 φ
994 2429 1193 2472 nostram
1214 2444 1246 2484 μ
1382 2427 1622 2483 pertinere]
1642 2425 1873 2483 peruenire
1894 2440 1933 2470 w

20 2528 21 2531 η
107 2497 161 2541 11
181 2497 263 2555 ibi]
285 2497 449 2554 ubique
471 2515 507 2555 φ
625 2499 915 2556 significastis
936 2517 968 2556 μ
1084 2502 1203 2544 inter
1224 2513 1307 2544 om.
1334 2502 1445 2556 Twp,
1576 2499 1632 2542 12
1652 2499 1776 2555 quos]
1799 2512 1880 2542 uos
1901 2515 1932 2554 μ

3 2565 9 2577 “
107 2568 389 2613 saturninum
410 2586 442 2627 μ
587 2583 685 2614 cum
706 2584 787 2615 om.
812 2588 847 2627 φ
984 2571 1238 2628 comitibus]
1261 2570 1456 2615 motibus
1484 2572 1534 2623 T,
1556 2570 1760 2614 omnibus
1789 2569 1930 2615 Oxooz.

105 2639 180 2684 sed
200 2640 264 2698 et]
285 2654 331 2685 se
352 2642 398 2685 et
419 2658 469 2697 φ,
492 2641 569 2686 sed
589 2655 630 2687 w
793 2643 1010 2700 collegam
1032 2661 1064 2700 μ
1217 2643 1498 2700 1116116],6111111
1519 2660 1567 2700 μ,
1604 2642 1701 2686 eius
1731 2642 1875 2686 Oxou.

106 2711 162 2755 13
193 2712 346 2769 maris]
383 2713 565 2758 macarii
586 2730 618 2771 μ
782 2714 966 2760 collecto
1001 2715 1161 2759 merita
1190 2729 1243 2768 w,
1280 2715 1477 2772 collegae
1513 2714 1675 2758 merita
1705 2730 1738 2770 μ
1900 2714 1991 2758 031-

103 2783 312 2840 purnium
339 2787 470 2842 Τφω,
502 2787 738 2843 carpunius
767 2804 799 2844 μ
955 2787 1143 2833 mariam
1174 2801 1268 2844 φω,
1299 2786 1464 2831 marias
1485 2803 1517 2843 μ
1672 2775 1874 2830 sabinam
1896 2799 1988 2842 φω,

105 2854 307 2900 alumnas
337 2873 370 2912 μ
533 2858 756 2914 spesinam
779 2873 873 2915 φη),
906 2860 1106 2915 pessinas
1137 2876 1169 2917 μ
1334 2860 1390 2905 14
1424 2873 1451 2903 a
1484 2859 1688 2903 ianuaria
1714 2861 1802 2915 Τφ,
1840 2858 1988 2902 ianua·

103 2925 219 2970 riam
237 2941 293 2984 w,
314 2927 407 2972 iarn
428 2929 552 2973 uario
574 2946 606 2987 μ
708 2930 911 2975 datiuam
931 2944 984 2985 w,
1008 2930 1164 2977 datiua
1185 2933 1232 2976 et
1251 2948 1283 2989 μ
1385 2931 1595 2975 donatam
1615 2944 1655 2974 w
1772 2931 1827 2974 15
1847 2932 1990 2973 satur·-

104 3010 211 3043 num
230 3012 271 3044 w
386 3001 584 3046 alexeum
604 3003 657 3058 T,
680 3002 896 3047 alexicum
916 3017 970 3056 w,
992 3003 1228 3048 alexicium
1246 3020 1297 3060 φ,
1318 3003 1492 3048 alexum
1508 3020 1540 3059 μ
1657 3003 1711 3046 16
1732 3002 1989 3047 collonicam

105 3084 196 3126 qaw,
217 3071 462 3116 colonicum
481 3089 514 3130 μ
668 3076 771 3131 peto
792 3088 873 3120 om.
895 3090 923 3120 v
1086 3076 1140 3120 17
1162 3076 1272 3132 tam]
1293 3076 1385 3119 iam
1404 3090 1431 3121 v
1585 3075 1725 3131 eram]
1757 3075 1872 3118 iram
1897 3075 1938 3118 T

105 3154 363 3200 cognoscere
385 3160 421 3200 φ
567 3144 728 3190 debeat
748 3163 780 3203 μ
927 3147 982 3190 18
1003 3148 1213 3204 alexium]
1236 3161 1386 3192 sexum
1407 3164 1440 3204 μ
1576 3145 1879 3202 argentarium
1899 3161 1932 3201 μ

102 3212 213 3258 bene
234 3214 384 3260 ualere
404 3228 487 3260 om.
512 3218 639 3273 Τφμ,
652 3223 758 3273 post
777 3220 883 3275 opto
905 3232 983 3263 uos
997 3219 1134 3274 ponit
1153 3233 1181 3264 v
1280 3219 1335 3263 19
1355 3218 1556 3262 ianuario
1577 3235 1608 3273 μ
1708 3216 1874 3260 sofiana
1894 3231 1930 3271 φ

104 3285 359 3330 commando
380 3287 528 3331 ualete
547 3301 600 3333 w.
623 3313 678 3322 —
699 3289 903 3346 Epistola
922 3290 1112 3335 Luciani
1132 3289 1420 3335 rescribentis
1441 3289 1640 3334 Celerino
1662 3301 1790 3343 super
1811 3287 1988 3331 nomine

105 3355 345 3402 Numeriae
361 3360 407 3401 et
424 3358 649 3404 Candidas
666 3363 712 3404 et
725 3362 902 3405 nomine
917 3362 1050 3405 Pauli
1069 3364 1117 3406 et
1131 3362 1408 3418 Mappalicae
1429 3362 1475 3405 et
1496 3362 1740 3404 ceterorum
1761 3358 1990 3415 significat

17 3431 23 3438 '
107 3426 195 3472 sibi
215 3441 324 3485 quos
343 3429 577 3474 mandasse
596 3433 649 3475 ut
668 3432 925 3488 petentibus
946 3433 1074 3477 daret
1094 3446 1248 3489 pacem
1270 3432 1454 3489 explicit
1481 3433 1531 3484 T,
1552 3443 1634 3475 om.
1659 3444 1786 3487 φωμ.
1810 3454 1861 3462 -
