<?xml version="1.0" encoding="UTF-8"?>
<!DOCTYPE html PUBLIC "-//W3C//DTD XHTML 1.0 Transitional//EN"
    "http://www.w3.org/TR/xhtml1/DTD/xhtml1-transitional.dtd">
<html xmlns="http://www.w3.org/1999/xhtml" xml:lang="en" lang="en">
 <head>
  <title>
</title>
<meta http-equiv="Content-Type" content="text/html;charset=utf-8" />
  <meta name='ocr-system' content='tesseract 3.04.00' />
  <meta name='ocr-capabilities' content='ocr_page ocr_carea ocr_par ocr_line ocrx_word'/>
</head>
<body>
  <div class='ocr_page' id='page_1' title='image "./sthascicaecilicy03cypruoft_0411.png"; bbox 0 0 2332 3978; ppageno 0'>
   <div class='ocr_carea' id='block_1_1' title="bbox 0 0 92 167">
    <p class='ocr_par' dir='ltr' id='par_1_1' title="bbox 0 0 92 167">
     <span class='ocr_line' id='line_1_1' title="bbox 0 0 92 167; baseline 0 3811"><span class='ocrx_word' id='word_1_1' title='bbox 0 0 92 167; x_wconf 95' lang='lat' dir='ltr'> </span> 
     </span>
    </p>
   </div>
   <div class='ocr_carea' id='block_1_2' title="bbox 659 263 2000 345">
    <p class='ocr_par' dir='ltr' id='par_1_2' title="bbox 659 263 2000 345">
     <span class='ocr_line' id='line_1_2' title="bbox 659 263 2000 345; baseline -0.01 -11"><span class='ocrx_word' id='word_1_2' title='bbox 659 291 733 334; x_wconf 89' lang='lat' dir='ltr'>De</span> <span class='ocrx_word' id='word_1_3' title='bbox 763 290 902 333; x_wconf 89' lang='lat' dir='ltr'>bono</span> <span class='ocrx_word' id='word_1_4' title='bbox 932 263 1254 345; x_wconf 84' lang='lat' dir='ltr'>patientiae</span> <span class='ocrx_word' id='word_1_5' title='bbox 1286 298 1319 328; x_wconf 86' lang='lat' dir='ltr'>c.</span> <span class='ocrx_word' id='word_1_6' title='bbox 1352 284 1478 328; x_wconf 76' lang='lat'>4—6.</span> <span class='ocrx_word' id='word_1_7' title='bbox 1895 282 2000 335; x_wconf 87' lang='lat'>401</span> 
     </span>
    </p>
   </div>
   <div class='ocr_carea' id='block_1_3' title="bbox 14 411 2055 2734">
    <p class='ocr_par' dir='ltr' id='par_1_3' title="bbox 7 411 2055 2734">
     <span class='ocr_line' id='line_1_3' title="bbox 129 411 2004 486; baseline -0.011 -2"><span class='ocrx_word' id='word_1_8' title='bbox 129 430 245 484; x_wconf 88' lang='lat' dir='ltr'>neat</span> <span class='ocrx_word' id='word_1_9' title='bbox 289 427 343 479; x_wconf 91' lang='lat' dir='ltr'>in</span> <span class='ocrx_word' id='word_1_10' title='bbox 385 422 557 486; x_wconf 81' lang='lat' dir='ltr'>nobiS,</span> <span class='ocrx_word' id='word_1_11' title='bbox 598 420 642 474; x_wconf 87' lang='lat' dir='ltr'>si</span> <span class='ocrx_word' id='word_1_12' title='bbox 669 418 956 472; x_wconf 91' lang='lat' dir='ltr'>similitudo</span> <span class='ocrx_word' id='word_1_13' title='bbox 983 417 1160 470; x_wconf 88' lang='lat' dir='ltr'>diuina</span> <span class='ocrx_word' id='word_1_14' title='bbox 1185 431 1338 483; x_wconf 87' lang='lat' dir='ltr'>quam</span> <span class='ocrx_word' id='word_1_15' title='bbox 1378 414 1586 482; x_wconf 87' lang='lat' dir='ltr'>peccato</span> <span class='ocrx_word' id='word_1_16' title='bbox 1625 411 1796 465; x_wconf 89' lang='lat' dir='ltr'>Adam</span> <span class='ocrx_word' id='word_1_17' title='bbox 1832 411 2004 481; x_wconf 91' lang='lat' dir='ltr'>perdi-</span> 
     </span>
     <span class='ocr_line' id='line_1_4' title="bbox 132 500 2005 569; baseline -0.009 0"><span class='ocrx_word' id='word_1_18' title='bbox 132 515 275 569; x_wconf 89' lang='lat' dir='ltr'>derat</span> <span class='ocrx_word' id='word_1_19' title='bbox 299 508 660 565; x_wconf 75' lang='lat' dir='ltr'><strong>manifestetur</strong></span> <span class='ocrx_word' id='word_1_20' title='bbox 687 508 738 559; x_wconf 89' lang='lat' dir='ltr'>et</span> <span class='ocrx_word' id='word_1_21' title='bbox 764 506 936 558; x_wconf 86' lang='lat' dir='ltr'>luceat</span> <span class='ocrx_word' id='word_1_22' title='bbox 962 504 1016 557; x_wconf 90' lang='lat' dir='ltr'>in</span> <span class='ocrx_word' id='word_1_23' title='bbox 1041 501 1243 557; x_wconf 89' lang='lat' dir='ltr'>actibus</span> <span class='ocrx_word' id='word_1_24' title='bbox 1279 501 1482 555; x_wconf 76' lang='lat' dir='ltr'>nostris</span> <span class='ocrx_word' id='word_1_25' title='bbox 1543 516 1672 568; x_wconf 90' lang='lat' dir='ltr'>quae</span> <span class='ocrx_word' id='word_1_26' title='bbox 1716 500 1882 569; x_wconf 86' lang='lat' dir='ltr'>gloria</span> <span class='ocrx_word' id='word_1_27' title='bbox 1926 501 2005 552; x_wconf 89' lang='lat' dir='ltr'>est</span> 
     </span>
     <span class='ocr_line' id='line_1_5' title="bbox 132 586 2004 660; baseline -0.009 -6"><span class='ocrx_word' id='word_1_28' title='bbox 132 599 353 654; x_wconf 80' lang='lat' dir='ltr'>similem</span> <span class='ocrx_word' id='word_1_29' title='bbox 379 597 485 649; x_wconf 93' lang='lat' dir='ltr'>Deo</span> <span class='ocrx_word' id='word_1_30' title='bbox 511 594 648 658; x_wconf 89' lang='lat' dir='ltr'>fieri,</span> <span class='ocrx_word' id='word_1_31' title='bbox 689 593 856 660; x_wconf 92' lang='lat' dir='ltr'>qualis</span> <span class='ocrx_word' id='word_1_32' title='bbox 883 593 935 645; x_wconf 92' lang='lat' dir='ltr'>et</span> <span class='ocrx_word' id='word_1_33' title='bbox 961 591 1152 659; x_wconf 89' lang='lat' dir='ltr'>quanta</span> <span class='ocrx_word' id='word_1_34' title='bbox 1178 589 1400 642; x_wconf 88' lang='lat' dir='ltr'>felicitas</span> <span class='ocrx_word' id='word_1_35' title='bbox 1427 587 1612 641; x_wconf 88' lang='lat' dir='ltr'>habere</span> <span class='ocrx_word' id='word_1_36' title='bbox 1638 587 1693 640; x_wconf 93' lang='lat' dir='ltr'>in</span> <span class='ocrx_word' id='word_1_37' title='bbox 1717 586 2004 640; x_wconf 90' lang='lat' dir='ltr'>uirtutibus</span> 
     </span>
     <span class='ocr_line' id='line_1_6' title="bbox 132 677 1186 754; baseline -0.008 -16"><span class='ocrx_word' id='word_1_38' title='bbox 132 685 264 754; x_wconf 90' lang='lat' dir='ltr'>quod</span> <span class='ocrx_word' id='word_1_39' title='bbox 291 682 480 736; x_wconf 91' lang='lat' dir='ltr'>diuinis</span> <span class='ocrx_word' id='word_1_40' title='bbox 505 680 745 733; x_wconf 84' lang='lat' dir='ltr'>laudibus</span> <span class='ocrx_word' id='word_1_41' title='bbox 771 678 935 747; x_wconf 90' lang='lat' dir='ltr'>possit</span> <span class='ocrx_word' id='word_1_42' title='bbox 961 677 1186 745; x_wconf 90' lang='lat' dir='ltr'>aequari.</span> 
     </span>
     <span class='ocr_line' id='line_1_7' title="bbox 77 761 2055 832; baseline -0.008 -4"><span class='ocrx_word' id='word_1_43' title='bbox 77 795 96 828; x_wconf 74' lang='lat'>⁵</span> <span class='ocrx_word' id='word_1_44' title='bbox 200 771 308 823; x_wconf 88' lang='lat' dir='ltr'>Nec</span> <span class='ocrx_word' id='word_1_45' title='bbox 333 768 451 832; x_wconf 93' lang='lat' dir='ltr'>hoc,</span> <span class='ocrx_word' id='word_1_46' title='bbox 481 768 666 821; x_wconf 87' lang='lat' dir='ltr'>fratres</span> <span class='ocrx_word' id='word_1_47' title='bbox 692 765 1047 829; x_wconf 74' lang='lat' dir='ltr'>dilectissimi,</span> <span class='ocrx_word' id='word_1_48' title='bbox 1076 764 1221 817; x_wconf 92' lang='lat' dir='ltr'>Iesus</span> <span class='ocrx_word' id='word_1_49' title='bbox 1248 762 1484 816; x_wconf 83' lang='lat' dir='ltr'>Christus</span> <span class='ocrx_word' id='word_1_50' title='bbox 1510 762 1762 816; x_wconf 84' lang='lat' dir='ltr'>Dominus</span> <span class='ocrx_word' id='word_1_51' title='bbox 1789 762 1840 814; x_wconf 91' lang='lat' dir='ltr'>et</span> <span class='ocrx_word' id='word_1_52' title='bbox 1865 761 2005 813; x_wconf 93' lang='lat' dir='ltr'>Deus</span> <span class='ocrx_word' id='word_1_53' title='bbox 2023 767 2055 819; x_wconf 76' lang='grc'><strong>6</strong></span> 
     </span>
     <span class='ocr_line' id='line_1_8' title="bbox 129 846 2009 919; baseline -0.006 -9"><span class='ocrx_word' id='word_1_54' title='bbox 129 858 300 910; x_wconf 88' lang='lat' dir='ltr'>noster</span> <span class='ocrx_word' id='word_1_55' title='bbox 326 857 532 909; x_wconf 90' lang='lat' dir='ltr'>tantum</span> <span class='ocrx_word' id='word_1_56' title='bbox 558 854 728 907; x_wconf 88' lang='lat' dir='ltr'>uerbis</span> <span class='ocrx_word' id='word_1_57' title='bbox 757 852 957 917; x_wconf 91' lang='lat' dir='ltr'>docuit,</span> <span class='ocrx_word' id='word_1_58' title='bbox 999 852 1088 905; x_wconf 92' lang='lat' dir='ltr'>sed</span> <span class='ocrx_word' id='word_1_59' title='bbox 1122 850 1364 919; x_wconf 89' lang='lat' dir='ltr'>impleuit</span> <span class='ocrx_word' id='word_1_60' title='bbox 1409 851 1460 903; x_wconf 92' lang='lat' dir='ltr'>et</span> <span class='ocrx_word' id='word_1_61' title='bbox 1504 848 1672 902; x_wconf 84' lang='lat' dir='ltr'>factis.</span> <span class='ocrx_word' id='word_1_62' title='bbox 1713 849 1764 901; x_wconf 92' lang='lat' dir='ltr'>et</span> <span class='ocrx_word' id='word_1_63' title='bbox 1807 847 1896 915; x_wconf 90' lang='lat' dir='ltr'>qui</span> <span class='ocrx_word' id='word_1_64' title='bbox 1943 846 2009 899; x_wconf 86' lang='lat' dir='ltr'>ad</span> 
     </span>
     <span class='ocr_line' id='line_1_9' title="bbox 132 933 2008 1004; baseline -0.006 -8"><span class='ocrx_word' id='word_1_65' title='bbox 132 943 225 996; x_wconf 90' lang='lat' dir='ltr'>hoc</span> <span class='ocrx_word' id='word_1_66' title='bbox 250 941 572 996; x_wconf 79' lang='lat' dir='ltr'>descendisse</span> <span class='ocrx_word' id='word_1_67' title='bbox 616 955 668 993; x_wconf 89' lang='lat' dir='ltr'>se</span> <span class='ocrx_word' id='word_1_68' title='bbox 713 939 911 992; x_wconf 88' lang='lat' dir='ltr'>dixerat</span> <span class='ocrx_word' id='word_1_69' title='bbox 954 938 1013 990; x_wconf 94' lang='lat' dir='ltr'>ut</span> <span class='ocrx_word' id='word_1_70' title='bbox 1055 937 1382 990; x_wconf 89' lang='lat' dir='ltr'>uoluntatem</span> <span class='ocrx_word' id='word_1_71' title='bbox 1432 935 1594 1004; x_wconf 88' lang='lat' dir='ltr'>patris</span> <span class='ocrx_word' id='word_1_72' title='bbox 1639 934 1828 987; x_wconf 85' lang='lat' dir='ltr'>faceret</span> <span class='ocrx_word' id='word_1_73' title='bbox 1872 933 2008 985; x_wconf 89' lang='lat' dir='ltr'>inter</span> 
     </span>
     <span class='ocr_line' id='line_1_10' title="bbox 135 1012 2008 1092; baseline -0.007 -9"><span class='ocrx_word' id='word_1_74' title='bbox 135 1029 300 1083; x_wconf 88' lang='lat' dir='ltr'>cetera</span> <span class='ocrx_word' id='word_1_75' title='bbox 337 1027 600 1081; x_wconf 89' lang='lat' dir='ltr'>mirabilia</span> <span class='ocrx_word' id='word_1_76' title='bbox 639 1012 901 1079; x_wconf 88' lang='lat' dir='ltr'>uirtutum</span> <span class='ocrx_word' id='word_1_77' title='bbox 939 1024 1126 1092; x_wconf 87' lang='lat' dir='ltr'>quibus</span> <span class='ocrx_word' id='word_1_78' title='bbox 1152 1023 1345 1081; x_wconf 87' lang='lat' dir='ltr'>indicia</span> <span class='ocrx_word' id='word_1_79' title='bbox 1370 1022 1576 1075; x_wconf 89' lang='lat' dir='ltr'>diuinae</span> <span class='ocrx_word' id='word_1_80' title='bbox 1602 1020 1895 1074; x_wconf 88' lang='lat' dir='ltr'>maiestatis</span> <span class='ocrx_word' id='word_1_81' title='bbox 1922 1034 2008 1072; x_wconf 83' lang='lat' dir='ltr'>ex-</span> 
     </span>
     <span class='ocr_line' id='line_1_11' title="bbox 36 1102 2008 1184; baseline -0.005 -16"><span class='ocrx_word' id='word_1_82' title='bbox 36 1102 37 1105; x_wconf 24' lang='lat'><em>*</em></span> <span class='ocrx_word' id='word_1_83' title='bbox 79 1157 85 1162; x_wconf 92' lang='lat'>.</span> <span class='ocrx_word' id='word_1_84' title='bbox 131 1115 317 1184; x_wconf 89' lang='lat' dir='ltr'>pressit</span> <span class='ocrx_word' id='word_1_85' title='bbox 354 1115 622 1182; x_wconf 88' lang='lat' dir='ltr'>paternam</span> <span class='ocrx_word' id='word_1_86' title='bbox 661 1126 858 1179; x_wconf 87' lang='lat' dir='ltr'>quoque</span> <span class='ocrx_word' id='word_1_87' title='bbox 896 1110 1204 1179; x_wconf 92' lang='lat' dir='ltr'>patientiam</span> <span class='ocrx_word' id='word_1_88' title='bbox 1230 1109 1534 1163; x_wconf 73' lang='lat' dir='ltr'>tolerantiae</span> <span class='ocrx_word' id='word_1_89' title='bbox 1560 1110 1734 1161; x_wconf 91' lang='lat' dir='ltr'>tenore</span> <span class='ocrx_word' id='word_1_90' title='bbox 1761 1107 2008 1160; x_wconf 89' lang='lat' dir='ltr'>seruauit.</span> 
     </span>
     <span class='ocr_line' id='line_1_12' title="bbox 22 1192 2011 1266; baseline -0.006 -11"><span class='ocrx_word' id='word_1_91' title='bbox 22 1243 24 1247; x_wconf 17' lang='lat' dir='ltr'>y</span> <span class='ocrx_word' id='word_1_92' title='bbox 77 1223 118 1255; x_wconf 79' lang='grc' dir='ltr'>ιο</span> <span class='ocrx_word' id='word_1_93' title='bbox 134 1201 296 1255; x_wconf 88' lang='lat' dir='ltr'>omnis</span> <span class='ocrx_word' id='word_1_94' title='bbox 317 1199 531 1266; x_wconf 89' lang='lat' dir='ltr'>denique</span> <span class='ocrx_word' id='word_1_95' title='bbox 551 1200 697 1252; x_wconf 88' lang='lat' dir='ltr'>actus</span> <span class='ocrx_word' id='word_1_96' title='bbox 719 1198 828 1250; x_wconf 89' lang='lat' dir='ltr'>eius</span> <span class='ocrx_word' id='word_1_97' title='bbox 856 1197 919 1250; x_wconf 92' lang='lat' dir='ltr'>ab</span> <span class='ocrx_word' id='word_1_98' title='bbox 947 1197 1056 1264; x_wconf 90' lang='lat' dir='ltr'>ipso</span> <span class='ocrx_word' id='word_1_99' title='bbox 1084 1196 1267 1249; x_wconf 91' lang='lat' dir='ltr'>statim</span> <span class='ocrx_word' id='word_1_100' title='bbox 1293 1196 1520 1248; x_wconf 91' lang='lat' dir='ltr'>aduentu</span> <span class='ocrx_word' id='word_1_101' title='bbox 1546 1193 1797 1262; x_wconf 80' lang='lat' dir='ltr'>patientia</span> <span class='ocrx_word' id='word_1_102' title='bbox 1823 1192 2011 1246; x_wconf 81' lang='lat' dir='ltr'>comite</span> 
     </span>
     <span class='ocr_line' id='line_1_13' title="bbox 134 1280 2011 1357; baseline -0.005 -17"><span class='ocrx_word' id='word_1_103' title='bbox 134 1288 392 1357; x_wconf 84' lang='lat' dir='ltr'>signatur,</span> <span class='ocrx_word' id='word_1_104' title='bbox 433 1285 568 1353; x_wconf 90' lang='lat' dir='ltr'>quod</span> <span class='ocrx_word' id='word_1_105' title='bbox 605 1286 834 1352; x_wconf 90' lang='lat' dir='ltr'>primum</span> <span class='ocrx_word' id='word_1_106' title='bbox 872 1283 935 1336; x_wconf 92' lang='lat' dir='ltr'>de</span> <span class='ocrx_word' id='word_1_107' title='bbox 965 1280 1101 1354; x_wconf 89' lang='lat' dir='ltr'>[illa]</span> <span class='ocrx_word' id='word_1_108' title='bbox 1132 1282 1456 1335; x_wconf 90' lang='lat' dir='ltr'>sublimitate</span> <span class='ocrx_word' id='word_1_109' title='bbox 1484 1280 1694 1334; x_wconf 90' lang='lat' dir='ltr'>caelesti</span> <span class='ocrx_word' id='word_1_110' title='bbox 1721 1280 1786 1333; x_wconf 89' lang='lat' dir='ltr'>ad</span> <span class='ocrx_word' id='word_1_111' title='bbox 1811 1280 2011 1333; x_wconf 91' lang='lat' dir='ltr'>terrena</span> 
     </span>
     <span class='ocr_line' id='line_1_14' title="bbox 134 1365 2011 1439; baseline -0.004 -13"><span class='ocrx_word' id='word_1_112' title='bbox 134 1373 437 1426; x_wconf 89' lang='lat' dir='ltr'>descendens</span> <span class='ocrx_word' id='word_1_113' title='bbox 462 1387 562 1424; x_wconf 88' lang='lat' dir='ltr'>non</span> <span class='ocrx_word' id='word_1_114' title='bbox 601 1371 903 1439; x_wconf 82' lang='lat' dir='ltr'>aspernatur</span> <span class='ocrx_word' id='word_1_115' title='bbox 941 1369 1037 1422; x_wconf 89' lang='lat' dir='ltr'>Dei</span> <span class='ocrx_word' id='word_1_116' title='bbox 1075 1368 1215 1422; x_wconf 91' lang='lat' dir='ltr'>filius</span> <span class='ocrx_word' id='word_1_117' title='bbox 1243 1384 1447 1423; x_wconf 90' lang='lat' dir='ltr'>carnem</span> <span class='ocrx_word' id='word_1_118' title='bbox 1471 1367 1696 1420; x_wconf 89' lang='lat' dir='ltr'>hominis</span> <span class='ocrx_word' id='word_1_119' title='bbox 1723 1366 1931 1419; x_wconf 90' lang='lat' dir='ltr'>induere</span> <span class='ocrx_word' id='word_1_120' title='bbox 1958 1365 2011 1419; x_wconf 91' lang='lat' dir='ltr'>et</span> 
     </span>
     <span class='ocr_line' id='line_1_15' title="bbox 136 1453 2011 1527; baseline -0.004 -14"><span class='ocrx_word' id='word_1_121' title='bbox 136 1474 250 1513; x_wconf 93' lang='lat' dir='ltr'>cum</span> <span class='ocrx_word' id='word_1_122' title='bbox 273 1460 508 1527; x_wconf 89' lang='lat' dir='ltr'>peccator</span> <span class='ocrx_word' id='word_1_123' title='bbox 533 1458 642 1525; x_wconf 90' lang='lat' dir='ltr'>ipse</span> <span class='ocrx_word' id='word_1_124' title='bbox 668 1471 768 1509; x_wconf 91' lang='lat' dir='ltr'>non</span> <span class='ocrx_word' id='word_1_125' title='bbox 795 1457 930 1509; x_wconf 89' lang='lat' dir='ltr'>esset</span> <span class='ocrx_word' id='word_1_126' title='bbox 955 1455 1124 1508; x_wconf 91' lang='lat' dir='ltr'>aliena</span> <span class='ocrx_word' id='word_1_127' title='bbox 1149 1456 1358 1523; x_wconf 88' lang='lat' dir='ltr'>peccata</span> <span class='ocrx_word' id='word_1_128' title='bbox 1384 1455 1602 1523; x_wconf 88' lang='lat' dir='ltr'>portare.</span> <span class='ocrx_word' id='word_1_129' title='bbox 1631 1453 2011 1508; x_wconf 85' lang='lat' dir='ltr'>inmortalitate</span> 
     </span>
     <span class='ocr_line' id='line_1_16' title="bbox 133 1542 2012 1612; baseline -0.003 -13"><span class='ocrx_word' id='word_1_130' title='bbox 133 1546 340 1599; x_wconf 89' lang='lat' dir='ltr'>interim</span> <span class='ocrx_word' id='word_1_131' title='bbox 365 1544 533 1612; x_wconf 88' lang='lat' dir='ltr'>posita</span> <span class='ocrx_word' id='word_1_132' title='bbox 570 1544 681 1597; x_wconf 91' lang='lat' dir='ltr'>fieri</span> <span class='ocrx_word' id='word_1_133' title='bbox 721 1559 772 1597; x_wconf 89' lang='lat' dir='ltr'>se</span> <span class='ocrx_word' id='word_1_134' title='bbox 810 1542 1083 1596; x_wconf 92' lang='lat' dir='ltr'>mortalem</span> <span class='ocrx_word' id='word_1_135' title='bbox 1121 1542 1323 1611; x_wconf 89' lang='lat' dir='ltr'>patitur</span> <span class='ocrx_word' id='word_1_136' title='bbox 1361 1542 1419 1594; x_wconf 90' lang='lat' dir='ltr'>ut</span> <span class='ocrx_word' id='word_1_137' title='bbox 1444 1542 1682 1595; x_wconf 89' lang='lat' dir='ltr'>innocens</span> <span class='ocrx_word' id='word_1_138' title='bbox 1709 1557 1798 1609; x_wconf 91' lang='lat' dir='ltr'>pro</span> <span class='ocrx_word' id='word_1_139' title='bbox 1825 1557 2012 1595; x_wconf 88' lang='lat' dir='ltr'>nocen-</span> 
     </span>
     <span class='ocr_line' id='line_1_17' title="bbox 14 1620 2011 1700; baseline -0.004 -13"><span class='ocrx_word' id='word_1_140' title='bbox 14 1620 50 1689; x_wconf 64' lang='grc' dir='ltr'>’Ξὶὶ</span> <span class='ocrx_word' id='word_1_141' title='bbox 79 1643 120 1687; x_wconf 68' lang='lat'>15</span> <span class='ocrx_word' id='word_1_142' title='bbox 134 1633 268 1686; x_wconf 89' lang='lat' dir='ltr'>tium</span> <span class='ocrx_word' id='word_1_143' title='bbox 297 1632 461 1685; x_wconf 90' lang='lat' dir='ltr'>salute</span> <span class='ocrx_word' id='word_1_144' title='bbox 487 1631 790 1700; x_wconf 84' lang='lat' dir='ltr'>perimatur.</span> <span class='ocrx_word' id='word_1_145' title='bbox 831 1629 1084 1682; x_wconf 91' lang='lat' dir='ltr'>Dominus</span> <span class='ocrx_word' id='word_1_146' title='bbox 1111 1628 1407 1697; x_wconf 86' lang='lat' dir='ltr'>baptizatur</span> <span class='ocrx_word' id='word_1_147' title='bbox 1432 1645 1461 1681; x_wconf 91' lang='lat' dir='ltr'>a</span> <span class='ocrx_word' id='word_1_148' title='bbox 1487 1644 1634 1682; x_wconf 90' lang='lat' dir='ltr'>seruo</span> <span class='ocrx_word' id='word_1_149' title='bbox 1662 1630 1713 1681; x_wconf 89' lang='lat' dir='ltr'>et</span> <span class='ocrx_word' id='word_1_150' title='bbox 1738 1629 2011 1681; x_wconf 87' lang='lat' dir='ltr'>remissam</span> 
     </span>
     <span class='ocr_line' id='line_1_18' title="bbox 53 1706 2014 1787; baseline -0.004 -14"><span class='ocrx_word' id='word_1_151' title='bbox 53 1706 55 1710; x_wconf 48' lang='grc'>’</span> <span class='ocrx_word' id='word_1_152' title='bbox 135 1719 463 1787; x_wconf 88' lang='lat' dir='ltr'>peccatorum</span> <span class='ocrx_word' id='word_1_153' title='bbox 508 1718 723 1770; x_wconf 89' lang='lat' dir='ltr'>daturus</span> <span class='ocrx_word' id='word_1_154' title='bbox 767 1717 875 1784; x_wconf 90' lang='lat' dir='ltr'>ipse</span> <span class='ocrx_word' id='word_1_155' title='bbox 918 1730 1017 1769; x_wconf 89' lang='lat' dir='ltr'>non</span> <span class='ocrx_word' id='word_1_156' title='bbox 1046 1715 1356 1784; x_wconf 83' lang='lat' dir='ltr'>dedignatur</span> <span class='ocrx_word' id='word_1_157' title='bbox 1380 1715 1586 1768; x_wconf 87' lang='lat' dir='ltr'>lauacro</span> <span class='ocrx_word' id='word_1_158' title='bbox 1613 1714 2014 1785; x_wconf 81' lang='lat' dir='ltr'>regenerationis</span> 
     </span>
     <span class='ocr_line' id='line_1_19' title="bbox 137 1800 2015 1872; baseline -0.002 -14"><span class='ocrx_word' id='word_1_159' title='bbox 137 1820 316 1872; x_wconf 88' lang='lat' dir='ltr'>corpus</span> <span class='ocrx_word' id='word_1_160' title='bbox 342 1804 562 1857; x_wconf 85' lang='lat' dir='ltr'>abluere.</span> <span class='ocrx_word' id='word_1_161' title='bbox 606 1803 783 1856; x_wconf 88' lang='lat' dir='ltr'>diebus</span> <span class='ocrx_word' id='word_1_162' title='bbox 810 1801 1151 1871; x_wconf 82' lang='lat' dir='ltr'>quadraginta</span> <span class='ocrx_word' id='word_1_163' title='bbox 1176 1802 1372 1855; x_wconf 89' lang='lat' dir='ltr'>ieiunat</span> <span class='ocrx_word' id='word_1_164' title='bbox 1397 1818 1487 1870; x_wconf 89' lang='lat' dir='ltr'>per</span> <span class='ocrx_word' id='word_1_165' title='bbox 1513 1818 1667 1870; x_wconf 85' lang='lat' dir='ltr'>quem</span> <span class='ocrx_word' id='word_1_166' title='bbox 1694 1802 1848 1855; x_wconf 88' lang='lat' dir='ltr'>ceteri</span> <span class='ocrx_word' id='word_1_167' title='bbox 1875 1800 2015 1870; x_wconf 80' lang='lat' dir='ltr'>sagi-</span> 
     </span>
     <span class='ocr_line' id='line_1_20' title="bbox 135 1887 2017 1957; baseline -0.002 -13"><span class='ocrx_word' id='word_1_168' title='bbox 135 1893 352 1945; x_wconf 90' lang='lat' dir='ltr'>nantur:</span> <span class='ocrx_word' id='word_1_169' title='bbox 382 1891 542 1943; x_wconf 88' lang='lat' dir='ltr'>esurit</span> <span class='ocrx_word' id='word_1_170' title='bbox 570 1891 621 1943; x_wconf 91' lang='lat' dir='ltr'>et</span> <span class='ocrx_word' id='word_1_171' title='bbox 646 1889 833 1942; x_wconf 89' lang='lat' dir='ltr'>famem</span> <span class='ocrx_word' id='word_1_172' title='bbox 864 1888 1024 1941; x_wconf 91' lang='lat' dir='ltr'>sensit</span> <span class='ocrx_word' id='word_1_173' title='bbox 1050 1889 1111 1941; x_wconf 92' lang='lat' dir='ltr'>ut</span> <span class='ocrx_word' id='word_1_174' title='bbox 1137 1888 1225 1956; x_wconf 89' lang='lat' dir='ltr'>qui</span> <span class='ocrx_word' id='word_1_175' title='bbox 1245 1888 1299 1941; x_wconf 91' lang='lat' dir='ltr'>in</span> <span class='ocrx_word' id='word_1_176' title='bbox 1320 1887 1457 1941; x_wconf 87' lang='lat' dir='ltr'>fame</span> <span class='ocrx_word' id='word_1_177' title='bbox 1478 1888 1724 1941; x_wconf 90' lang='lat' dir='ltr'>sermonis</span> <span class='ocrx_word' id='word_1_178' title='bbox 1747 1889 1798 1941; x_wconf 93' lang='lat' dir='ltr'>et</span> <span class='ocrx_word' id='word_1_179' title='bbox 1818 1889 2017 1957; x_wconf 83' lang='lat' dir='ltr'>gratiae</span> 
     </span>
     <span class='ocr_line' id='line_1_21' title="bbox 137 1976 2016 2045; baseline -0.002 -15"><span class='ocrx_word' id='word_1_180' title='bbox 137 1978 341 2032; x_wconf 85' lang='lat' dir='ltr'>fuerant</span> <span class='ocrx_word' id='word_1_181' title='bbox 379 1978 590 2031; x_wconf 89' lang='lat' dir='ltr'>caelesti</span> <span class='ocrx_word' id='word_1_182' title='bbox 628 1993 757 2045; x_wconf 89' lang='lat' dir='ltr'>pane</span> <span class='ocrx_word' id='word_1_183' title='bbox 795 1976 1161 2029; x_wconf 87' lang='lat' dir='ltr'>saturarentur.</span> <span class='ocrx_word' id='word_1_184' title='bbox 1206 1992 1325 2029; x_wconf 93' lang='lat' dir='ltr'>cum</span> <span class='ocrx_word' id='word_1_185' title='bbox 1350 1976 1555 2029; x_wconf 91' lang='lat' dir='ltr'>diabolo</span> <span class='ocrx_word' id='word_1_186' title='bbox 1582 1977 1871 2044; x_wconf 83' lang='lat' dir='ltr'>temptante</span> <span class='ocrx_word' id='word_1_187' title='bbox 1898 1990 2016 2028; x_wconf 92' lang='lat' dir='ltr'>con-</span> 
     </span>
     <span class='ocr_line' id='line_1_22' title="bbox 69 2061 2020 2134; baseline -0.001 -17"><span class='ocrx_word' id='word_1_188' title='bbox 69 2065 372 2134; x_wconf 55' lang='lat' dir='ltr'>ngreditur</span> <span class='ocrx_word' id='word_1_189' title='bbox 399 2065 451 2118; x_wconf 83' lang='lat' dir='ltr'>et</span> <span class='ocrx_word' id='word_1_190' title='bbox 475 2064 745 2117; x_wconf 89' lang='lat' dir='ltr'>inimicum</span> <span class='ocrx_word' id='word_1_191' title='bbox 772 2063 978 2116; x_wconf 89' lang='lat' dir='ltr'>tantum</span> <span class='ocrx_word' id='word_1_192' title='bbox 1004 2062 1193 2115; x_wconf 90' lang='lat' dir='ltr'>uicisse</span> <span class='ocrx_word' id='word_1_193' title='bbox 1221 2062 1489 2115; x_wconf 86' lang='lat' dir='ltr'>contentus</span> <span class='ocrx_word' id='word_1_194' title='bbox 1516 2061 1649 2114; x_wconf 90' lang='lat' dir='ltr'>nihil</span> <span class='ocrx_word' id='word_1_195' title='bbox 1685 2062 1824 2114; x_wconf 90' lang='lat' dir='ltr'>ultra</span> <span class='ocrx_word' id='word_1_196' title='bbox 1863 2062 2020 2115; x_wconf 87' lang='lat' dir='ltr'>uerba</span> 
     </span>
     <span class='ocr_line' id='line_1_23' title="bbox 141 2149 2019 2219; baseline -0.002 -14.246"><span class='ocrx_word' id='word_1_197' title='bbox 141 2153 364 2204; x_wconf 91' lang='lat' dir='ltr'>conatur.</span> <span class='ocrx_word' id='word_1_198' title='bbox 426 2150 694 2219; x_wconf 90' lang='lat' dir='ltr'>discipulis</span> <span class='ocrx_word' id='word_1_199' title='bbox 745 2165 844 2202; x_wconf 90' lang='lat' dir='ltr'>non</span> <span class='ocrx_word' id='word_1_200' title='bbox 895 2150 953 2201; x_wconf 92' lang='lat' dir='ltr'>ut</span> <span class='ocrx_word' id='word_1_201' title='bbox 991 2149 1152 2202; x_wconf 89' lang='lat' dir='ltr'>seruis</span> <span class='ocrx_word' id='word_1_202' title='bbox 1192 2149 1449 2202; x_wconf 89' lang='lat' dir='ltr'>dominica</span> <span class='ocrx_word' id='word_1_203' title='bbox 1485 2150 1738 2216; x_wconf 87' lang='lat' dir='ltr'>potestate</span> <span class='ocrx_word' id='word_1_204' title='bbox 1778 2150 2019 2217; x_wconf 87' lang='lat' dir='ltr'>praefuit,</span> 
     </span>
     <span class='ocr_line' id='line_1_24' title="bbox 18 2227 2021 2307; baseline -0.001 -16"><span class='ocrx_word' id='word_1_205' title='bbox 18 2227 25 2246; x_wconf 67' lang='lat'><em>⁸</em></span> <span class='ocrx_word' id='word_1_206' title='bbox 44 2246 54 2306; x_wconf 36' lang='grc' dir='ltr'>’ς</span> <span class='ocrx_word' id='word_1_207' title='bbox 141 2239 227 2291; x_wconf 90' lang='lat' dir='ltr'>sed</span> <span class='ocrx_word' id='word_1_208' title='bbox 247 2238 500 2307; x_wconf 86' lang='lat' dir='ltr'>benignus</span> <span class='ocrx_word' id='word_1_209' title='bbox 528 2238 579 2291; x_wconf 93' lang='lat' dir='ltr'>et</span> <span class='ocrx_word' id='word_1_210' title='bbox 598 2237 743 2290; x_wconf 88' lang='lat' dir='ltr'>mitis</span> <span class='ocrx_word' id='word_1_211' title='bbox 770 2237 993 2290; x_wconf 88' lang='lat' dir='ltr'>fraterna</span> <span class='ocrx_word' id='word_1_212' title='bbox 1019 2252 1101 2290; x_wconf 91' lang='lat' dir='ltr'>eos</span> <span class='ocrx_word' id='word_1_213' title='bbox 1129 2236 1341 2289; x_wconf 88' lang='lat' dir='ltr'>caritate</span> <span class='ocrx_word' id='word_1_214' title='bbox 1363 2236 1560 2300; x_wconf 82' lang='lat' dir='ltr'>dilexit,</span> <span class='ocrx_word' id='word_1_215' title='bbox 1590 2236 1832 2305; x_wconf 84' lang='lat' dir='ltr'>dignatus</span> <span class='ocrx_word' id='word_1_216' title='bbox 1861 2237 2021 2289; x_wconf 90' lang='lat' dir='ltr'>etiam</span> 
     </span>
     <span class='ocr_line' id='line_1_25' title="bbox 19 2318 2019 2393; baseline 0.002 -21"><span class='ocrx_word' id='word_1_217' title='bbox 19 2318 57 2383; x_wconf 49' lang='grc' dir='ltr'>ζ”ἕιἸ</span> <span class='ocrx_word' id='word_1_218' title='bbox 141 2324 292 2393; x_wconf 90' lang='lat' dir='ltr'>pedes</span> <span class='ocrx_word' id='word_1_219' title='bbox 319 2324 667 2391; x_wconf 88' lang='lat' dir='ltr'>apostolorum</span> <span class='ocrx_word' id='word_1_220' title='bbox 693 2323 883 2385; x_wconf 89' lang='lat' dir='ltr'>lauare,</span> <span class='ocrx_word' id='word_1_221' title='bbox 911 2324 971 2375; x_wconf 93' lang='lat' dir='ltr'>ut</span> <span class='ocrx_word' id='word_1_222' title='bbox 998 2322 1121 2374; x_wconf 90' lang='lat' dir='ltr'>dum</span> <span class='ocrx_word' id='word_1_223' title='bbox 1148 2322 1283 2375; x_wconf 89' lang='lat' dir='ltr'>circa</span> <span class='ocrx_word' id='word_1_224' title='bbox 1311 2337 1483 2375; x_wconf 92' lang='lat' dir='ltr'>seruos</span> <span class='ocrx_word' id='word_1_225' title='bbox 1510 2321 1633 2374; x_wconf 88' lang='lat' dir='ltr'>talis</span> <span class='ocrx_word' id='word_1_226' title='bbox 1661 2323 1738 2374; x_wconf 92' lang='lat' dir='ltr'>est</span> <span class='ocrx_word' id='word_1_227' title='bbox 1765 2322 2019 2387; x_wconf 80' lang='lat' dir='ltr'>dominuS,</span> 
     </span>
     <span class='ocr_line' id='line_1_26' title="bbox 145 2408 2023 2479; baseline -0 -16.063"><span class='ocrx_word' id='word_1_228' title='bbox 145 2410 372 2479; x_wconf 85' lang='lat' dir='ltr'>exemplo</span> <span class='ocrx_word' id='word_1_229' title='bbox 417 2426 507 2462; x_wconf 91' lang='lat' dir='ltr'>suo</span> <span class='ocrx_word' id='word_1_230' title='bbox 554 2409 758 2462; x_wconf 91' lang='lat' dir='ltr'>doceret</span> <span class='ocrx_word' id='word_1_231' title='bbox 801 2409 969 2475; x_wconf 87' lang='lat' dir='ltr'>qualis</span> <span class='ocrx_word' id='word_1_232' title='bbox 1015 2408 1150 2461; x_wconf 87' lang='lat' dir='ltr'>circa</span> <span class='ocrx_word' id='word_1_233' title='bbox 1194 2424 1436 2475; x_wconf 90' lang='lat' dir='ltr'>conpares</span> <span class='ocrx_word' id='word_1_234' title='bbox 1481 2409 1532 2461; x_wconf 89' lang='lat' dir='ltr'>et</span> <span class='ocrx_word' id='word_1_235' title='bbox 1574 2409 1810 2476; x_wconf 86' lang='lat' dir='ltr'>aequales</span> <span class='ocrx_word' id='word_1_236' title='bbox 1838 2409 2023 2462; x_wconf 89' lang='lat' dir='ltr'>debeat</span> 
     </span>
     <span class='ocr_line' id='line_1_27' title="bbox 15 2494 2023 2566; baseline 0 -20"><span class='ocrx_word' id='word_1_237' title='bbox 15 2497 22 2554; x_wconf 17' lang='lat' dir='ltr'>A?</span> <span class='ocrx_word' id='word_1_238' title='bbox 54 2506 129 2566; x_wconf 65' lang='lat'>[²²⁵</span> <span class='ocrx_word' id='word_1_239' title='bbox 144 2511 251 2550; x_wconf 87' lang='lat' dir='ltr'>esse</span> <span class='ocrx_word' id='word_1_240' title='bbox 294 2511 585 2549; x_wconf 77' lang='lat' dir='ltr'>conseruus</span> <span class='ocrx_word' id='word_1_241' title='bbox 623 2510 714 2548; x_wconf 86' lang='lat' dir='ltr'>nec</span> <span class='ocrx_word' id='word_1_242' title='bbox 740 2495 1035 2547; x_wconf 90' lang='lat' dir='ltr'>mirandum</span> <span class='ocrx_word' id='word_1_243' title='bbox 1063 2495 1197 2561; x_wconf 91' lang='lat' dir='ltr'>quod</span> <span class='ocrx_word' id='word_1_244' title='bbox 1235 2494 1369 2547; x_wconf 89' lang='lat' dir='ltr'>circa</span> <span class='ocrx_word' id='word_1_245' title='bbox 1407 2494 1737 2548; x_wconf 89' lang='lat' dir='ltr'>obaudientes</span> <span class='ocrx_word' id='word_1_246' title='bbox 1775 2495 1899 2549; x_wconf 87' lang='lat' dir='ltr'>talis</span> <span class='ocrx_word' id='word_1_247' title='bbox 1938 2511 2023 2547; x_wconf 80' lang='lat' dir='ltr'>ex-</span> 
     </span>
     <span class='ocr_line' id='line_1_28' title="bbox 145 2580 2027 2650; baseline 0.002 -18.658"><span class='ocrx_word' id='word_1_248' title='bbox 145 2581 313 2637; x_wconf 88' lang='lat' dir='ltr'>titerit</span> <span class='ocrx_word' id='word_1_249' title='bbox 358 2582 446 2649; x_wconf 91' lang='lat' dir='ltr'>qui</span> <span class='ocrx_word' id='word_1_250' title='bbox 490 2581 675 2635; x_wconf 88' lang='lat' dir='ltr'>Iudam</span> <span class='ocrx_word' id='word_1_251' title='bbox 722 2581 892 2649; x_wconf 91' lang='lat' dir='ltr'>potuit</span> <span class='ocrx_word' id='word_1_252' title='bbox 936 2596 1096 2648; x_wconf 90' lang='lat' dir='ltr'>usque</span> <span class='ocrx_word' id='word_1_253' title='bbox 1141 2580 1207 2633; x_wconf 88' lang='lat' dir='ltr'>ad</span> <span class='ocrx_word' id='word_1_254' title='bbox 1246 2581 1534 2634; x_wconf 84' lang='lat' dir='ltr'>extremum</span> <span class='ocrx_word' id='word_1_255' title='bbox 1576 2581 1731 2650; x_wconf 86' lang='lat' dir='ltr'>longa</span> <span class='ocrx_word' id='word_1_256' title='bbox 1775 2583 2027 2650; x_wconf 87' lang='lat' dir='ltr'>patientia</span> 
     </span>
     <span class='ocr_line' id='line_1_29' title="bbox 149 2666 2023 2734; baseline 0.001 -14"><span class='ocrx_word' id='word_1_257' title='bbox 149 2668 423 2732; x_wconf 88' lang='lat' dir='ltr'>sustinere,</span> <span class='ocrx_word' id='word_1_258' title='bbox 465 2667 638 2720; x_wconf 91' lang='lat' dir='ltr'>cibum</span> <span class='ocrx_word' id='word_1_259' title='bbox 666 2683 782 2720; x_wconf 92' lang='lat' dir='ltr'>cum</span> <span class='ocrx_word' id='word_1_260' title='bbox 810 2666 1020 2720; x_wconf 90' lang='lat' dir='ltr'>inimico</span> <span class='ocrx_word' id='word_1_261' title='bbox 1047 2681 1250 2734; x_wconf 82' lang='lat' dir='ltr'>capere,</span> <span class='ocrx_word' id='word_1_262' title='bbox 1291 2666 1495 2720; x_wconf 90' lang='lat' dir='ltr'>hostem</span> <span class='ocrx_word' id='word_1_263' title='bbox 1523 2668 1866 2722; x_wconf 89' lang='lat' dir='ltr'>domesticum</span> <span class='ocrx_word' id='word_1_264' title='bbox 1894 2669 2023 2721; x_wconf 89' lang='lat' dir='ltr'>scire</span> 
     </span>
    </p>
   </div>
   <div class='ocr_carea' id='block_1_4' title="bbox 14 1439 36 1714">
    <p class='ocr_par' dir='ltr' id='par_1_4' title="bbox 14 1439 36 1714">
     <span class='ocr_line' id='line_1_30' title="bbox 14 1439 36 1714; textangle 90"><span class='ocrx_word' id='word_1_265' title='bbox 14 1563 36 1714; x_wconf 48' lang='grc' dir='ltr'>3-’“’,ᾰ”</span> <span class='ocrx_word' id='word_1_266' title='bbox 19 1439 35 1493; x_wconf 61' lang='grc'>“,</span> 
     </span>
    </p>
   </div>
   <div class='ocr_carea' id='block_1_5' title="bbox 8 1715 52 1965">
    <p class='ocr_par' dir='ltr' id='par_1_5' title="bbox 8 1715 59 1965">
     <span class='ocr_line' id='line_1_31' title="bbox 8 1715 52 1965; textangle 90"><span class='ocrx_word' id='word_1_267' title='bbox 16 1955 41 1965; x_wconf 60' lang='grc' dir='ltr'><strong>ς</strong></span> <span class='ocrx_word' id='word_1_268' title='bbox 8 1715 52 1935; x_wconf 40' lang='lat' dir='ltr'>”axam-‘E</span> 
     </span>
    </p>
   </div>
   <div class='ocr_carea' id='block_1_6' title="bbox 0 1899 56 2767">
    <p class='ocr_par' dir='ltr' id='par_1_6' title="bbox 0 1899 56 2767">
     <span class='ocr_line' id='line_1_32' title="bbox 0 1899 56 2767; baseline 0 0"><span class='ocrx_word' id='word_1_269' title='bbox 0 1899 56 2767; x_wconf 95' lang='lat' dir='ltr'> </span> 
     </span>
    </p>
   </div>
   <div class='ocr_carea' id='block_1_7' title="bbox 23 2820 2041 3672">
    <p class='ocr_par' dir='ltr' id='par_1_7' title="bbox 23 2820 1943 2890">
     <span class='ocr_line' id='line_1_33' title="bbox 23 2820 1943 2890; baseline 0.001 -23"><span class='ocrx_word' id='word_1_270' title='bbox 23 2820 54 2890; x_wconf 65' lang='lat' dir='ltr'>{J}</span> <span class='ocrx_word' id='word_1_271' title='bbox 233 2826 259 2867; x_wconf 94' lang='lat'>1</span> <span class='ocrx_word' id='word_1_272' title='bbox 280 2824 328 2868; x_wconf 91' lang='lat' dir='ltr'>in</span> <span class='ocrx_word' id='word_1_273' title='bbox 343 2824 487 2881; x_wconf 89' lang='lat' dir='ltr'>nobis]</span> <span class='ocrx_word' id='word_1_274' title='bbox 507 2824 546 2867; x_wconf 90' lang='lat' dir='ltr'>si</span> <span class='ocrx_word' id='word_1_275' title='bbox 562 2823 875 2867; x_wconf 82' lang='lat' dir='ltr'>consummari.</span> <span class='ocrx_word' id='word_1_276' title='bbox 895 2855 903 2863; x_wconf 93' lang='lat'><strong>.</strong></span> <span class='ocrx_word' id='word_1_277' title='bbox 924 2822 1189 2867; x_wconf 90' lang='lat' dir='ltr'>.natiuitate</span> <span class='ocrx_word' id='word_1_278' title='bbox 1205 2824 1369 2879; x_wconf 74' lang='lat' dir='ltr'>repetit</span> <span class='ocrx_word' id='word_1_279' title='bbox 1385 2825 1422 2868; x_wconf 88' lang='lat' dir='ltr'><strong><em>G</em></strong></span> <span class='ocrx_word' id='word_1_280' title='bbox 1434 2827 1464 2877; x_wconf 89' lang='lat'>¹,</span> <span class='ocrx_word' id='word_1_281' title='bbox 1484 2837 1582 2880; x_wconf 73' lang='lat' dir='ltr'>exp.</span> <span class='ocrx_word' id='word_1_282' title='bbox 1600 2825 1663 2867; x_wconf 76' lang='lat' dir='ltr'>G‘2</span> <span class='ocrx_word' id='word_1_283' title='bbox 1748 2824 1787 2868; x_wconf 89' lang='lat' dir='ltr'>si</span> <span class='ocrx_word' id='word_1_284' title='bbox 1805 2837 1885 2868; x_wconf 85' lang='lat' dir='ltr'>om.</span> <span class='ocrx_word' id='word_1_285' title='bbox 1903 2824 1943 2867; x_wconf 92' lang='lat' dir='ltr'><strong><em>G</em></strong></span> 
     </span>
    </p>

    <p class='ocr_par' dir='ltr' id='par_1_8' title="bbox 31 2883 2041 3672">
     <span class='ocr_line' id='line_1_34' title="bbox 31 2883 2030 2952; baseline 0.001 -13"><span class='ocrx_word' id='word_1_286' title='bbox 31 2883 46 2898; x_wconf 65' lang='lat'><strong><em>⁴</em></strong></span> <span class='ocrx_word' id='word_1_287' title='bbox 149 2895 363 2952; x_wconf 84' lang='lat' dir='ltr'>peccando</span> <span class='ocrx_word' id='word_1_288' title='bbox 387 2896 427 2938; x_wconf 88' lang='lat' dir='ltr'><strong><em>G</em></strong></span> <span class='ocrx_word' id='word_1_289' title='bbox 513 2896 541 2939; x_wconf 83' lang='lat'>5</span> <span class='ocrx_word' id='word_1_290' title='bbox 563 2909 617 2939; x_wconf 90' lang='lat' dir='ltr'>ne</span> <span class='ocrx_word' id='word_1_291' title='bbox 642 2895 701 2938; x_wconf 89' lang='lat' dir='ltr'>G¹</span> <span class='ocrx_word' id='word_1_292' title='bbox 799 2896 843 2939; x_wconf 86' lang='lat' dir='ltr'>et</span> <span class='ocrx_word' id='word_1_293' title='bbox 865 2895 971 2939; x_wconf 87' lang='lat' dir='ltr'>deus</span> <span class='ocrx_word' id='word_1_294' title='bbox 1001 2896 1056 2939; x_wconf 90' lang='lat' dir='ltr'><strong><em>W</em></strong></span> <span class='ocrx_word' id='word_1_295' title='bbox 1071 2909 1106 2940; x_wconf 79' lang='lat' dir='ltr'>s.</span> <span class='ocrx_word' id='word_1_296' title='bbox 1129 2896 1156 2939; x_wconf 82' lang='lat' dir='ltr'>l.</span> <span class='ocrx_word' id='word_1_297' title='bbox 1181 2909 1236 2938; x_wconf 83' lang='lat' dir='ltr'>m.</span> <span class='ocrx_word' id='word_1_298' title='bbox 1259 2899 1288 2939; x_wconf 80' lang='lat'><strong><em>2</em></strong></span> <span class='ocrx_word' id='word_1_299' title='bbox 1374 2895 1480 2939; x_wconf 89' lang='lat' dir='ltr'>deus</span> <span class='ocrx_word' id='word_1_300' title='bbox 1503 2897 1547 2939; x_wconf 90' lang='lat' dir='ltr'>et</span> <span class='ocrx_word' id='word_1_301' title='bbox 1569 2896 1772 2940; x_wconf 89' lang='lat' dir='ltr'>dominus</span> <span class='ocrx_word' id='word_1_302' title='bbox 1792 2897 1868 2941; x_wconf 76' lang='lat' dir='ltr'>uel</span> <span class='ocrx_word' id='word_1_303' title='bbox 1889 2898 1932 2940; x_wconf 91' lang='lat' dir='ltr'>et</span> <span class='ocrx_word' id='word_1_304' title='bbox 1954 2897 2030 2940; x_wconf 90' lang='lat' dir='ltr'>do·</span> 
     </span>
     <span class='ocr_line' id='line_1_35' title="bbox 149 2966 2029 3025; baseline 0.001 -15"><span class='ocrx_word' id='word_1_305' title='bbox 149 2966 298 3010; x_wconf 86' lang='lat' dir='ltr'>minus</span> <span class='ocrx_word' id='word_1_306' title='bbox 319 2966 426 3011; x_wconf 90' lang='lat' dir='ltr'>deus</span> <span class='ocrx_word' id='word_1_307' title='bbox 447 2981 473 3011; x_wconf 83' lang='lat' dir='ltr'><em>v</em></span> <span class='ocrx_word' id='word_1_308' title='bbox 562 2967 589 3011; x_wconf 87' lang='lat'>6</span> <span class='ocrx_word' id='word_1_309' title='bbox 610 2967 755 3023; x_wconf 89' lang='lat' dir='ltr'>pleuit</span> <span class='ocrx_word' id='word_1_310' title='bbox 780 2970 826 3011; x_wconf 87' lang='lat' dir='ltr'>et</span> <span class='ocrx_word' id='word_1_311' title='bbox 847 2968 953 3023; x_wconf 86' lang='lat' dir='ltr'>quia</span> <span class='ocrx_word' id='word_1_312' title='bbox 974 2968 1031 3012; x_wconf 86' lang='lat' dir='ltr'>ab</span> <span class='ocrx_word' id='word_1_313' title='bbox 1052 2968 1122 3012; x_wconf 78' lang='lat' dir='ltr'>his</span> <span class='ocrx_word' id='word_1_314' title='bbox 1142 2968 1311 3024; x_wconf 72' lang='lat' dir='ltr'>incipit</span> <span class='ocrx_word' id='word_1_315' title='bbox 1325 2967 1363 3012; x_wconf 99' lang='lat' dir='ltr'><strong><em>S</em></strong></span> <span class='ocrx_word' id='word_1_316' title='bbox 1449 2968 1543 3025; x_wconf 86' lang='lat' dir='ltr'>qui]</span> <span class='ocrx_word' id='word_1_317' title='bbox 1573 2970 1678 3024; x_wconf 85' lang='lat' dir='ltr'>quia</span> <span class='ocrx_word' id='word_1_318' title='bbox 1697 2983 1723 3013; x_wconf 86' lang='lat' dir='ltr'><strong><em>v</em></strong></span> <span class='ocrx_word' id='word_1_319' title='bbox 1811 2968 1836 3012; x_wconf 82' lang='lat'><strong>7</strong></span> <span class='ocrx_word' id='word_1_320' title='bbox 1858 2968 2029 3013; x_wconf 86' lang='lat' dir='ltr'>discen-</span> 
     </span>
     <span class='ocr_line' id='line_1_36' title="bbox 154 3037 2032 3096; baseline 0.001 -14"><span class='ocrx_word' id='word_1_321' title='bbox 154 3037 269 3082; x_wconf 88' lang='lat' dir='ltr'>disse</span> <span class='ocrx_word' id='word_1_322' title='bbox 294 3052 339 3082; x_wconf 91' lang='lat' dir='ltr'>se</span> <span class='ocrx_word' id='word_1_323' title='bbox 368 3038 407 3083; x_wconf 92' lang='lat' dir='ltr'><strong><em>S</em></strong></span> <span class='ocrx_word' id='word_1_324' title='bbox 414 3043 422 3065; x_wconf 95' lang='lat'><strong>¹</strong></span> <span class='ocrx_word' id='word_1_325' title='bbox 440 3039 534 3091; x_wconf 89' lang='lat' dir='ltr'>W¹,</span> <span class='ocrx_word' id='word_1_326' title='bbox 564 3038 770 3083; x_wconf 86' lang='lat' dir='ltr'>descendi</span> <span class='ocrx_word' id='word_1_327' title='bbox 792 3053 885 3083; x_wconf 89' lang='lat' dir='ltr'>sese</span> <span class='ocrx_word' id='word_1_328' title='bbox 911 3039 952 3083; x_wconf 98' lang='lat' dir='ltr'><strong><em>G</em></strong></span> <span class='ocrx_word' id='word_1_329' title='bbox 1058 3039 1130 3084; x_wconf 87' lang='lat' dir='ltr'>dei</span> <span class='ocrx_word' id='word_1_330' title='bbox 1150 3040 1295 3096; x_wconf 87' lang='lat' dir='ltr'>patris</span> <span class='ocrx_word' id='word_1_331' title='bbox 1318 3039 1356 3084; x_wconf 91' lang='lat' dir='ltr'><strong><em>S</em></strong></span> <span class='ocrx_word' id='word_1_332' title='bbox 1467 3041 1495 3083; x_wconf 88' lang='grc'>8</span> <span class='ocrx_word' id='word_1_333' title='bbox 1527 3039 1814 3083; x_wconf 89' lang='lat' dir='ltr'>admirabilia</span> <span class='ocrx_word' id='word_1_334' title='bbox 1841 3040 1904 3093; x_wconf 88' lang='lat' dir='ltr'>W,</span> <span class='ocrx_word' id='word_1_335' title='bbox 1939 3052 2032 3083; x_wconf 87' lang='lat' dir='ltr'>am·</span> 
     </span>
     <span class='ocr_line' id='line_1_37' title="bbox 152 3100 1949 3169; baseline 0.001 -16"><span class='ocrx_word' id='word_1_336' title='bbox 152 3109 380 3154; x_wconf 85' lang='lat' dir='ltr'>mirabilia</span> <span class='ocrx_word' id='word_1_337' title='bbox 404 3110 465 3164; x_wconf 89' lang='lat' dir='ltr'>G,</span> <span class='ocrx_word' id='word_1_338' title='bbox 498 3110 726 3167; x_wconf 87' lang='lat' dir='ltr'>magnalia</span> <span class='ocrx_word' id='word_1_339' title='bbox 761 3111 821 3164; x_wconf 93' lang='lat' dir='ltr'>V,</span> <span class='ocrx_word' id='word_1_340' title='bbox 851 3110 1081 3168; x_wconf 83' lang='lat' dir='ltr'>magnalia</span> <span class='ocrx_word' id='word_1_341' title='bbox 1115 3112 1162 3155; x_wconf 89' lang='lat' dir='ltr'>et</span> <span class='ocrx_word' id='word_1_342' title='bbox 1197 3111 1426 3155; x_wconf 87' lang='lat' dir='ltr'>mirabilia</span> <span class='ocrx_word' id='word_1_343' title='bbox 1460 3112 1646 3167; x_wconf 73' lang='lat' dir='ltr'>scripsit</span> <span class='ocrx_word' id='word_1_344' title='bbox 1675 3100 1949 3169; x_wconf 59' lang='lat' dir='ltr'>KrabinQer</span> 
     </span>
     <span class='ocr_line' id='line_1_38' title="bbox 154 3182 2034 3227; baseline 0.001 -2"><span class='ocrx_word' id='word_1_345' title='bbox 154 3182 374 3226; x_wconf 86' lang='lat' dir='ltr'>uirtutum</span> <span class='ocrx_word' id='word_1_346' title='bbox 393 3195 574 3226; x_wconf 88' lang='lat' dir='ltr'>suarum</span> <span class='ocrx_word' id='word_1_347' title='bbox 594 3183 669 3227; x_wconf 78' lang='lat' dir='ltr'>uel</span> <span class='ocrx_word' id='word_1_348' title='bbox 691 3195 870 3226; x_wconf 86' lang='lat' dir='ltr'>suarum</span> <span class='ocrx_word' id='word_1_349' title='bbox 893 3182 1116 3226; x_wconf 89' lang='lat' dir='ltr'>uirtutum</span> <span class='ocrx_word' id='word_1_350' title='bbox 1136 3196 1162 3227; x_wconf 84' lang='lat' dir='ltr'><em>v</em></span> <span class='ocrx_word' id='word_1_351' title='bbox 1268 3184 1295 3227; x_wconf 87' lang='lat'>9</span> <span class='ocrx_word' id='word_1_352' title='bbox 1327 3183 1527 3226; x_wconf 89' lang='lat' dir='ltr'>seruauit</span> <span class='ocrx_word' id='word_1_353' title='bbox 1546 3186 1699 3227; x_wconf 89' lang='lat' dir='ltr'>tenore</span> <span class='ocrx_word' id='word_1_354' title='bbox 1728 3182 1769 3227; x_wconf 92' lang='lat' dir='ltr'><strong><em>G</em></strong></span> <span class='ocrx_word' id='word_1_355' title='bbox 1866 3183 1922 3226; x_wconf 92' lang='lat'>10</span> <span class='ocrx_word' id='word_1_356' title='bbox 1942 3196 2034 3226; x_wconf 91' lang='lat' dir='ltr'>om-</span> 
     </span>
     <span class='ocr_line' id='line_1_39' title="bbox 152 3253 1950 3312; baseline 0.001 -16"><span class='ocrx_word' id='word_1_357' title='bbox 152 3265 231 3296; x_wconf 85' lang='lat' dir='ltr'>nes</span> <span class='ocrx_word' id='word_1_358' title='bbox 251 3267 277 3297; x_wconf 82' lang='grc' dir='ltr'><strong><em>υ</em></strong></span> <span class='ocrx_word' id='word_1_359' title='bbox 363 3253 612 3310; x_wconf 83' lang='lat' dir='ltr'>pacientiae</span> <span class='ocrx_word' id='word_1_360' title='bbox 640 3253 682 3298; x_wconf 93' lang='lat' dir='ltr'><strong><em>G</em></strong></span> <span class='ocrx_word' id='word_1_361' title='bbox 769 3255 823 3298; x_wconf 88' lang='lat'>11</span> <span class='ocrx_word' id='word_1_362' title='bbox 846 3254 1084 3312; x_wconf 87' lang='lat' dir='ltr'>signantur</span> <span class='ocrx_word' id='word_1_363' title='bbox 1104 3269 1131 3300; x_wconf 86' lang='lat' dir='ltr'><strong><em>v</em></strong></span> <span class='ocrx_word' id='word_1_364' title='bbox 1218 3255 1301 3298; x_wconf 89' lang='lat' dir='ltr'>illa</span> <span class='ocrx_word' id='word_1_365' title='bbox 1322 3268 1402 3299; x_wconf 84' lang='lat' dir='ltr'>om.</span> <span class='ocrx_word' id='word_1_366' title='bbox 1425 3255 1461 3299; x_wconf 89' lang='lat' dir='ltr'><strong><em>S</em></strong></span> <span class='ocrx_word' id='word_1_367' title='bbox 1548 3254 1603 3298; x_wconf 89' lang='lat'>13</span> <span class='ocrx_word' id='word_1_368' title='bbox 1622 3255 1820 3310; x_wconf 88' lang='lat' dir='ltr'>portaret</span> <span class='ocrx_word' id='word_1_369' title='bbox 1840 3253 1878 3298; x_wconf 95' lang='lat' dir='ltr'><strong><em>S</em></strong></span> <span class='ocrx_word' id='word_1_370' title='bbox 1885 3259 1891 3281; x_wconf 90' lang='lat'><strong>¹</strong></span> <span class='ocrx_word' id='word_1_371' title='bbox 1909 3254 1950 3297; x_wconf 89' lang='lat' dir='ltr'><strong><em>G</em></strong></span> 
     </span>
     <span class='ocr_line' id='line_1_40' title="bbox 157 3318 1943 3383; baseline 0.002 -16"><span class='ocrx_word' id='word_1_372' title='bbox 157 3325 212 3368; x_wconf 84' lang='lat'>14</span> <span class='ocrx_word' id='word_1_373' title='bbox 241 3318 505 3382; x_wconf 49' lang='lat' dir='ltr'>seposita&amp;</span> <span class='ocrx_word' id='word_1_374' title='bbox 620 3328 666 3370; x_wconf 89' lang='lat' dir='ltr'>et</span> <span class='ocrx_word' id='word_1_375' title='bbox 684 3327 916 3371; x_wconf 87' lang='lat' dir='ltr'>mortalem</span> <span class='ocrx_word' id='word_1_376' title='bbox 937 3328 1027 3373; x_wconf 85' lang='lat' dir='ltr'>Wv</span> <span class='ocrx_word' id='word_1_377' title='bbox 1143 3327 1199 3372; x_wconf 89' lang='lat'>15</span> <span class='ocrx_word' id='word_1_378' title='bbox 1228 3329 1480 3383; x_wconf 87' lang='lat' dir='ltr'>perematur</span> <span class='ocrx_word' id='word_1_379' title='bbox 1502 3327 1566 3372; x_wconf 89' lang='lat' dir='ltr'><em>W</em></span> <span class='ocrx_word' id='word_1_380' title='bbox 1679 3326 1865 3369; x_wconf 88' lang='lat' dir='ltr'>remissa</span> <span class='ocrx_word' id='word_1_381' title='bbox 1888 3325 1926 3370; x_wconf 92' lang='lat' dir='ltr'><strong><em>S</em></strong></span> <span class='ocrx_word' id='word_1_382' title='bbox 1934 3330 1943 3352; x_wconf 88' lang='lat'><em>¹</em></span> 
     </span>
     <span class='ocr_line' id='line_1_41' title="bbox 159 3396 2038 3455; baseline 0.001 -16"><span class='ocrx_word' id='word_1_383' title='bbox 159 3396 212 3440; x_wconf 88' lang='grc'>16</span> <span class='ocrx_word' id='word_1_384' title='bbox 241 3396 500 3454; x_wconf 85' lang='lat' dir='ltr'>designatur</span> <span class='ocrx_word' id='word_1_385' title='bbox 523 3398 604 3443; x_wconf 83' lang='lat' dir='ltr'>W¹</span> <span class='ocrx_word' id='word_1_386' title='bbox 701 3399 755 3442; x_wconf 84' lang='lat'>17</span> <span class='ocrx_word' id='word_1_387' title='bbox 787 3399 1022 3455; x_wconf 87' lang='lat' dir='ltr'>sagiantur</span> <span class='ocrx_word' id='word_1_388' title='bbox 1046 3399 1101 3444; x_wconf 89' lang='lat' dir='ltr'>S¹</span> <span class='ocrx_word' id='word_1_389' title='bbox 1198 3399 1254 3443; x_wconf 87' lang='lat'>18</span> <span class='ocrx_word' id='word_1_390' title='bbox 1275 3398 1423 3442; x_wconf 87' lang='lat' dir='ltr'>famen</span> <span class='ocrx_word' id='word_1_391' title='bbox 1452 3397 1493 3442; x_wconf 93' lang='lat' dir='ltr'><strong><em>G</em></strong></span> <span class='ocrx_word' id='word_1_392' title='bbox 1580 3397 2038 3441; x_wconf 77' lang='lat' dir='ltr'>sentit-saturentur</span> 
     </span>
     <span class='ocr_line' id='line_1_42' title="bbox 163 3468 2017 3526; baseline -0.001 -13"><span class='ocrx_word' id='word_1_393' title='bbox 163 3468 296 3514; x_wconf 83' lang='lat' dir='ltr'>WGv</span> <span class='ocrx_word' id='word_1_394' title='bbox 383 3470 438 3515; x_wconf 88' lang='grc'>19</span> <span class='ocrx_word' id='word_1_395' title='bbox 458 3468 640 3514; x_wconf 86' lang='lat' dir='ltr'>diabulo</span> <span class='ocrx_word' id='word_1_396' title='bbox 657 3469 695 3515; x_wconf 94' lang='lat' dir='ltr'><strong><em>S</em></strong></span> <span class='ocrx_word' id='word_1_397' title='bbox 702 3471 764 3515; x_wconf 92' lang='lat' dir='ltr'><strong><em>W</em></strong></span> <span class='ocrx_word' id='word_1_398' title='bbox 835 3471 892 3515; x_wconf 84' lang='lat'>20</span> <span class='ocrx_word' id='word_1_399' title='bbox 911 3470 1046 3515; x_wconf 85' lang='lat' dir='ltr'>uerba</span> <span class='ocrx_word' id='word_1_400' title='bbox 1063 3485 1145 3516; x_wconf 87' lang='lat' dir='ltr'>om.</span> <span class='ocrx_word' id='word_1_401' title='bbox 1167 3471 1206 3515; x_wconf 92' lang='lat' dir='ltr'><strong><em>G</em></strong></span> <span class='ocrx_word' id='word_1_402' title='bbox 1294 3470 1351 3514; x_wconf 80' lang='lat'>22</span> <span class='ocrx_word' id='word_1_403' title='bbox 1371 3470 1584 3526; x_wconf 88' lang='lat' dir='ltr'>dignatus</span> <span class='ocrx_word' id='word_1_404' title='bbox 1606 3470 1674 3512; x_wconf 87' lang='lat' dir='ltr'>est</span> <span class='ocrx_word' id='word_1_405' title='bbox 1694 3483 1721 3513; x_wconf 82' lang='grc' dir='ltr'><strong><em>υ</em></strong></span> <span class='ocrx_word' id='word_1_406' title='bbox 1797 3468 1854 3512; x_wconf 82' lang='grc'>24</span> <span class='ocrx_word' id='word_1_407' title='bbox 1875 3481 2017 3524; x_wconf 88' lang='lat' dir='ltr'>aequa</span> 
     </span>
     <span class='ocr_line' id='line_1_43' title="bbox 159 3539 2041 3599; baseline 0.001 -15"><span class='ocrx_word' id='word_1_408' title='bbox 159 3539 222 3584; x_wconf 88' lang='lat' dir='ltr'>les</span> <span class='ocrx_word' id='word_1_409' title='bbox 242 3554 297 3586; x_wconf 68' lang='grc' dir='ltr'>θα)</span> <span class='ocrx_word' id='word_1_410' title='bbox 318 3542 471 3599; x_wconf 87' lang='lat' dir='ltr'>quales</span> <span class='ocrx_word' id='word_1_411' title='bbox 494 3542 532 3587; x_wconf 90' lang='lat' dir='ltr'><strong><em>S</em></strong></span> <span class='ocrx_word' id='word_1_412' title='bbox 549 3556 603 3587; x_wconf 86' lang='lat' dir='ltr'>m.</span> <span class='ocrx_word' id='word_1_413' title='bbox 623 3544 655 3587; x_wconf 76' lang='lat'><strong><em>2</em></strong></span> <span class='ocrx_word' id='word_1_414' title='bbox 798 3544 855 3587; x_wconf 85' lang='lat'>25</span> <span class='ocrx_word' id='word_1_415' title='bbox 885 3543 1165 3588; x_wconf 85' lang='lat' dir='ltr'>oboedientes</span> <span class='ocrx_word' id='word_1_416' title='bbox 1199 3544 1328 3595; x_wconf 88' lang='lat' dir='ltr'>WG,</span> <span class='ocrx_word' id='word_1_417' title='bbox 1375 3555 1597 3598; x_wconf 82' lang='lat' dir='ltr'>compares</span> <span class='ocrx_word' id='word_1_418' title='bbox 1627 3540 1914 3585; x_wconf 88' lang='lat' dir='ltr'>obaudientes</span> <span class='ocrx_word' id='word_1_419' title='bbox 1941 3541 2041 3586; x_wconf 79' lang='lat' dir='ltr'>Ba-</span> 
     </span>
     <span class='ocr_line' id='line_1_44' title="bbox 160 3610 1413 3672; baseline 0.002 -16"><span class='ocrx_word' id='word_1_420' title='bbox 160 3610 307 3658; x_wconf 72' lang='lat' dir='ltr'>luzius</span> <span class='ocrx_word' id='word_1_421' title='bbox 411 3614 525 3658; x_wconf 88' lang='lat' dir='ltr'>tales</span> <span class='ocrx_word' id='word_1_422' title='bbox 549 3614 587 3659; x_wconf 93' lang='lat' dir='ltr'><strong><em>S</em></strong></span> <span class='ocrx_word' id='word_1_423' title='bbox 678 3614 735 3662; x_wconf 82' lang='lat'>27</span> <span class='ocrx_word' id='word_1_424' title='bbox 767 3628 920 3672; x_wconf 87' lang='lat' dir='ltr'>capere</span> <span class='ocrx_word' id='word_1_425' title='bbox 943 3615 981 3660; x_wconf 91' lang='lat' dir='ltr'><strong><em>S</em></strong></span> <span class='ocrx_word' id='word_1_426' title='bbox 989 3616 1089 3660; x_wconf 88' lang='lat' dir='ltr'>WG</span> <span class='ocrx_word' id='word_1_427' title='bbox 1099 3616 1156 3668; x_wconf 92' lang='lat' dir='ltr'>V,</span> <span class='ocrx_word' id='word_1_428' title='bbox 1189 3627 1358 3659; x_wconf 89' lang='lat' dir='ltr'>sumere</span> <span class='ocrx_word' id='word_1_429' title='bbox 1386 3629 1413 3659; x_wconf 86' lang='lat' dir='ltr'><em>v</em></span> 
     </span>
    </p>
   </div>
   <div class='ocr_carea' id='block_1_8' title="bbox 326 3687 1701 3739">
    <p class='ocr_par' dir='ltr' id='par_1_9' title="bbox 326 3687 1701 3739">
     <span class='ocr_line' id='line_1_45' title="bbox 326 3687 1701 3739; baseline -0.001 0"><span class='ocrx_word' id='word_1_430' title='bbox 326 3701 409 3739; x_wconf 90' lang='lat'>111.</span> <span class='ocrx_word' id='word_1_431' title='bbox 1633 3687 1701 3738; x_wconf 77' lang='lat'>26</span> 
     </span>
    </p>
   </div>
  </div>
 </body>
</html>
