<?xml version="1.0" encoding="UTF-8"?>
<!DOCTYPE html PUBLIC "-//W3C//DTD XHTML 1.0 Transitional//EN"
    "http://www.w3.org/TR/xhtml1/DTD/xhtml1-transitional.dtd">
<html xmlns="http://www.w3.org/1999/xhtml" xml:lang="en" lang="en">
 <head>
  <title>
</title>
<meta http-equiv="Content-Type" content="text/html;charset=utf-8" />
  <meta name='ocr-system' content='tesseract 3.04.00' />
  <meta name='ocr-capabilities' content='ocr_page ocr_carea ocr_par ocr_line ocrx_word'/>
</head>
<body>
  <div class='ocr_page' id='page_1' title='image "./sthascicaecilicy03cypruoft_0636.png"; bbox 0 0 2332 3978; ppageno 0'>
   <div class='ocr_carea' id='block_1_1' title="bbox 1973 0 2332 1275">
    <p class='ocr_par' dir='ltr' id='par_1_1' title="bbox 1973 0 2332 1275">
     <span class='ocr_line' id='line_1_1' title="bbox 1973 0 2332 512; baseline 0 -148"><span class='ocrx_word' id='word_1_1' title='bbox 1973 0 2332 512; x_wconf 95' lang='lat' dir='ltr'>   </span> 
     </span>
     <span class='ocr_line' id='line_1_2' title="bbox 2270 512 2332 1275; baseline 0 -564"><span class='ocrx_word' id='word_1_2' title='bbox 2270 512 2332 1275; x_wconf 95' lang='lat' dir='ltr'>    </span> 
     </span>
    </p>
   </div>
   <div class='ocr_carea' id='block_1_2' title="bbox 342 269 1548 330">
    <p class='ocr_par' dir='ltr' id='par_1_2' title="bbox 342 269 1548 330">
     <span class='ocr_line' id='line_1_3' title="bbox 342 269 1548 330; baseline -0.01 -4"><span class='ocrx_word' id='word_1_3' title='bbox 342 269 449 326; x_wconf 80' lang='grc'>622</span> <span class='ocrx_word' id='word_1_4' title='bbox 989 271 1240 317; x_wconf 68' lang='lat' dir='ltr'>Caecili-i</span> <span class='ocrx_word' id='word_1_5' title='bbox 1275 271 1548 330; x_wconf 74' lang='lat' dir='ltr'>Cypriani</span> 
     </span>
    </p>
   </div>
   <div class='ocr_carea' id='block_1_3' title="bbox 288 401 2332 2287">
    <p class='ocr_par' dir='ltr' id='par_1_3' title="bbox 341 401 2298 647">
     <span class='ocr_line' id='line_1_4' title="bbox 341 401 2293 475; baseline 0 -22"><span class='ocrx_word' id='word_1_6' title='bbox 341 401 505 454; x_wconf 89' lang='lat' dir='ltr'>menti</span> <span class='ocrx_word' id='word_1_7' title='bbox 544 402 717 456; x_wconf 90' lang='lat' dir='ltr'>unitas</span> <span class='ocrx_word' id='word_1_8' title='bbox 755 419 884 471; x_wconf 86' lang='lat' dir='ltr'>quae</span> <span class='ocrx_word' id='word_1_9' title='bbox 920 420 950 457; x_wconf 88' lang='lat' dir='ltr'>a</span> <span class='ocrx_word' id='word_1_10' title='bbox 983 404 1130 457; x_wconf 91' lang='lat' dir='ltr'>nobis</span> <span class='ocrx_word' id='word_1_11' title='bbox 1168 403 1440 457; x_wconf 87' lang='lat' dir='ltr'>tenebatur</span> <span class='ocrx_word' id='word_1_12' title='bbox 1456 404 1649 475; x_wconf 50' lang='lat' dir='ltr'>‚uestro</span> <span class='ocrx_word' id='word_1_13' title='bbox 1688 403 1850 457; x_wconf 85' lang='lat' dir='ltr'>etiam</span> <span class='ocrx_word' id='word_1_14' title='bbox 1887 417 2136 458; x_wconf 88' lang='lat' dir='ltr'>consensu</span> <span class='ocrx_word' id='word_1_15' title='bbox 2173 419 2232 458; x_wconf 83' lang='lat' dir='ltr'>ac</span> <span class='ocrx_word' id='word_1_16' title='bbox 2289 430 2293 454; x_wconf 85' lang='grc'><em>;</em></span> 
     </span>
     <span class='ocr_line' id='line_1_5' title="bbox 341 484 2234 548; baseline 0.002 -8"><span class='ocrx_word' id='word_1_17' title='bbox 341 487 548 541; x_wconf 86' lang='grc'><strong>1111101110</strong></span> <span class='ocrx_word' id='word_1_18' title='bbox 596 491 890 544; x_wconf 84' lang='lat' dir='ltr'>necteretur</span> <span class='ocrx_word' id='word_1_19' title='bbox 923 506 1019 544; x_wconf 81' lang='grc'><strong>1100</strong></span> <span class='ocrx_word' id='word_1_20' title='bbox 1056 484 1365 544; x_wconf 83' lang='lat' dir='ltr'>confessores</span> <span class='ocrx_word' id='word_1_21' title='bbox 1405 487 1600 545; x_wconf 81' lang='lat' dir='ltr'>Ohristi</span> <span class='ocrx_word' id='word_1_22' title='bbox 1638 489 1822 548; x_wconf 83' lang='lat' dir='ltr'>erroris</span> <span class='ocrx_word' id='word_1_23' title='bbox 1861 490 2015 543; x_wconf 88' lang='lat' dir='ltr'>duces</span> <span class='ocrx_word' id='word_1_24' title='bbox 2052 489 2234 544; x_wconf 89' lang='lat' dir='ltr'>fierent</span> 
     </span>
     <span class='ocr_line' id='line_1_6' title="bbox 342 566 2294 647; baseline 0.002 -21"><span class='ocrx_word' id='word_1_25' title='bbox 342 574 431 641; x_wconf 91' lang='lat' dir='ltr'>qui</span> <span class='ocrx_word' id='word_1_26' title='bbox 470 574 684 627; x_wconf 89' lang='lat' dir='ltr'>uirtutis</span> <span class='ocrx_word' id='word_1_27' title='bbox 723 576 775 627; x_wconf 91' lang='lat' dir='ltr'>et</span> <span class='ocrx_word' id='word_1_28' title='bbox 807 576 1017 629; x_wconf 59' lang='lat' dir='ltr'>‘honoris</span> <span class='ocrx_word' id='word_1_29' title='bbox 1056 575 1296 647; x_wconf 75' lang='lat' dir='ltr'>auctores</span> <span class='ocrx_word' id='word_1_30' title='bbox 1327 575 1615 629; x_wconf 81' lang='lat' dir='ltr'>laudabiles</span> <span class='ocrx_word' id='word_1_31' title='bbox 1655 575 1965 629; x_wconf 73' lang='lat' dir='ltr'><strong>extitissent.</strong></span> <span class='ocrx_word' id='word_1_32' title='bbox 2289 566 2294 576; x_wconf 76' lang='grc'><em>’</em></span> 
     </span>
    </p>

    <p class='ocr_par' dir='ltr' id='par_1_4' title="bbox 288 660 2332 1596">
     <span class='ocr_line' id='line_1_7' title="bbox 288 660 2296 737; baseline 0.003 -26"><span class='ocrx_word' id='word_1_33' title='bbox 288 663 323 711; x_wconf 75' lang='lat'><strong>2</strong></span> <span class='ocrx_word' id='word_1_34' title='bbox 416 660 656 714; x_wconf 73' lang='lat' dir='ltr'>Viderint</span> <span class='ocrx_word' id='word_1_35' title='bbox 673 696 675 699; x_wconf 93' lang='lat'>-</span> <span class='ocrx_word' id='word_1_36' title='bbox 695 663 947 729; x_wconf 82' lang='lat' dir='ltr'>quantum</span> <span class='ocrx_word' id='word_1_37' title='bbox 983 662 1129 716; x_wconf 85' lang='lat' dir='ltr'>uobis</span> <span class='ocrx_word' id='word_1_38' title='bbox 1169 661 1326 715; x_wconf 88' lang='lat' dir='ltr'>ceteri</span> <span class='ocrx_word' id='word_1_39' title='bbox 1362 662 1693 731; x_wconf 84' lang='lat' dir='ltr'>gratulentur</span> <span class='ocrx_word' id='word_1_40' title='bbox 1718 662 1804 715; x_wconf 92' lang='lat' dir='ltr'>uel</span> <span class='ocrx_word' id='word_1_41' title='bbox 1830 663 2084 730; x_wconf 61' lang='lat' dir='ltr'>quantum</span> <span class='ocrx_word' id='word_1_42' title='bbox 2110 663 2238 737; x_wconf 72' lang='lat' dir='ltr'>aput</span> <span class='ocrx_word' id='word_1_43' title='bbox 2294 683 2296 685; x_wconf 94' lang='grc'><strong><em>·</em></strong></span> 
     </span>
     <span class='ocr_line' id='line_1_8' title="bbox 346 746 2302 819; baseline 0.001 -19"><span class='ocrx_word' id='word_1_44' title='bbox 346 763 399 800; x_wconf 90' lang='lat' dir='ltr'>se</span> <span class='ocrx_word' id='word_1_45' title='bbox 438 746 575 813; x_wconf 91' lang='lat' dir='ltr'>ipsos</span> <span class='ocrx_word' id='word_1_46' title='bbox 617 748 813 817; x_wconf 84' lang='lat' dir='ltr'>singuli</span> <span class='ocrx_word' id='word_1_47' title='bbox 851 748 1162 817; x_wconf 87' lang='lat' dir='ltr'>glorientur:</span> <span class='ocrx_word' id='word_1_48' title='bbox 1202 763 1294 816; x_wconf 84' lang='lat' dir='ltr'>ego</span> <span class='ocrx_word' id='word_1_49' title='bbox 1333 764 1416 805; x_wconf 88' lang='lat' dir='ltr'>me</span> <span class='ocrx_word' id='word_1_50' title='bbox 1454 749 1507 801; x_wconf 87' lang='lat' dir='ltr'>et</span> <span class='ocrx_word' id='word_1_51' title='bbox 1541 748 1795 816; x_wconf 81' lang='lat' dir='ltr'>gratulari</span> <span class='ocrx_word' id='word_1_52' title='bbox 1834 748 1961 802; x_wconf 86' lang='lat' dir='ltr'>satis</span> <span class='ocrx_word' id='word_1_53' title='bbox 1998 748 2146 802; x_wconf 89' lang='lat' dir='ltr'>uobis</span> <span class='ocrx_word' id='word_1_54' title='bbox 2185 748 2302 819; x_wconf 66' lang='lat' dir='ltr'>etz&gt;¹</span> 
     </span>
     <span class='ocr_line' id='line_1_9' title="bbox 341 833 2313 903; baseline 0.002 -19"><span class='ocrx_word' id='word_1_55' title='bbox 341 833 459 899; x_wconf 87' lang='lat' dir='ltr'>plus</span> <span class='ocrx_word' id='word_1_56' title='bbox 499 834 679 886; x_wconf 90' lang='lat' dir='ltr'>ceteris</span> <span class='ocrx_word' id='word_1_57' title='bbox 717 835 932 903; x_wconf 87' lang='lat' dir='ltr'>gloriari</span> <span class='ocrx_word' id='word_1_58' title='bbox 970 835 1022 886; x_wconf 90' lang='lat' dir='ltr'>in</span> <span class='ocrx_word' id='word_1_59' title='bbox 1062 835 1159 887; x_wconf 90' lang='lat' dir='ltr'>hac</span> <span class='ocrx_word' id='word_1_60' title='bbox 1196 836 1372 887; x_wconf 89' lang='lat' dir='ltr'>uestra</span> <span class='ocrx_word' id='word_1_61' title='bbox 1409 834 1622 901; x_wconf 89' lang='lat' dir='ltr'>pacifica</span> <span class='ocrx_word' id='word_1_62' title='bbox 1661 835 1978 903; x_wconf 77' lang='lat' dir='ltr'>regressione</span> <span class='ocrx_word' id='word_1_63' title='bbox 2017 835 2069 888; x_wconf 90' lang='lat' dir='ltr'>et</span> <span class='ocrx_word' id='word_1_64' title='bbox 2106 834 2239 888; x_wconf 89' lang='lat' dir='ltr'>cari·</span> <span class='ocrx_word' id='word_1_65' title='bbox 2309 844 2313 898; x_wconf 73' lang='grc' dir='ltr'>ζ</span> 
     </span>
     <span class='ocr_line' id='line_1_10' title="bbox 341 920 2325 989; baseline 0.001 -18"><span class='ocrx_word' id='word_1_66' title='bbox 341 920 450 972; x_wconf 89' lang='lat' dir='ltr'>tate</span> <span class='ocrx_word' id='word_1_67' title='bbox 477 920 731 974; x_wconf 87' lang='lat' dir='ltr'>confiteor.</span> <span class='ocrx_word' id='word_1_68' title='bbox 773 921 1082 988; x_wconf 89' lang='lat' dir='ltr'>simpliciter</span> <span class='ocrx_word' id='word_1_69' title='bbox 1109 921 1248 975; x_wconf 92' lang='lat' dir='ltr'>enim</span> <span class='ocrx_word' id='word_1_70' title='bbox 1275 921 1400 989; x_wconf 92' lang='lat' dir='ltr'>quid</span> <span class='ocrx_word' id='word_1_71' title='bbox 1426 921 1479 974; x_wconf 90' lang='lat' dir='ltr'>in</span> <span class='ocrx_word' id='word_1_72' title='bbox 1506 936 1619 974; x_wconf 91' lang='lat' dir='ltr'>meo</span> <span class='ocrx_word' id='word_1_73' title='bbox 1656 920 1804 974; x_wconf 87' lang='lat' dir='ltr'>corde</span> <span class='ocrx_word' id='word_1_74' title='bbox 1843 920 2002 974; x_wconf 88' lang='lat' dir='ltr'>fuerit</span> <span class='ocrx_word' id='word_1_75' title='bbox 2040 921 2239 974; x_wconf 90' lang='lat' dir='ltr'>debetis</span> <span class='ocrx_word' id='word_1_76' title='bbox 2323 967 2325 970; x_wconf 92' lang='lat'>.</span> 
     </span>
     <span class='ocr_line' id='line_1_11' title="bbox 343 1006 2239 1077; baseline -0.001 -18"><span class='ocrx_word' id='word_1_77' title='bbox 343 1006 536 1060; x_wconf 87' lang='lat' dir='ltr'>audire.</span> <span class='ocrx_word' id='word_1_78' title='bbox 578 1007 816 1060; x_wconf 86' lang='lat' dir='ltr'>dolebam</span> <span class='ocrx_word' id='word_1_79' title='bbox 856 1008 1188 1061; x_wconf 89' lang='lat' dir='ltr'>uehementer</span> <span class='ocrx_word' id='word_1_80' title='bbox 1215 1009 1267 1061; x_wconf 91' lang='lat' dir='ltr'>et</span> <span class='ocrx_word' id='word_1_81' title='bbox 1292 1008 1526 1077; x_wconf 91' lang='lat' dir='ltr'>grauiter</span> <span class='ocrx_word' id='word_1_82' title='bbox 1564 1008 1791 1077; x_wconf 86' lang='lat' dir='ltr'>angebar</span> <span class='ocrx_word' id='word_1_83' title='bbox 1830 1009 1965 1075; x_wconf 90' lang='lat' dir='ltr'>quod</span> <span class='ocrx_word' id='word_1_84' title='bbox 1999 1007 2072 1061; x_wconf 90' lang='lat' dir='ltr'>eis</span> <span class='ocrx_word' id='word_1_85' title='bbox 2098 1023 2239 1075; x_wconf 89' lang='lat' dir='ltr'>com·</span> 
     </span>
     <span class='ocr_line' id='line_1_12' title="bbox 344 1092 2317 1164; baseline 0.002 -20"><span class='ocrx_word' id='word_1_86' title='bbox 344 1092 608 1146; x_wconf 89' lang='lat' dir='ltr'>municare</span> <span class='ocrx_word' id='word_1_87' title='bbox 655 1109 756 1146; x_wconf 90' lang='lat' dir='ltr'>non</span> <span class='ocrx_word' id='word_1_88' title='bbox 804 1109 1006 1162; x_wconf 89' lang='lat' dir='ltr'>possem</span> <span class='ocrx_word' id='word_1_89' title='bbox 1056 1110 1181 1162; x_wconf 89' lang='lat' dir='ltr'>quos</span> <span class='ocrx_word' id='word_1_90' title='bbox 1230 1095 1392 1147; x_wconf 89' lang='lat' dir='ltr'>semel</span> <span class='ocrx_word' id='word_1_91' title='bbox 1430 1094 1649 1164; x_wconf 86' lang='lat' dir='ltr'>diligere</span> <span class='ocrx_word' id='word_1_92' title='bbox 1688 1094 1984 1162; x_wconf 75' lang='lat' dir='ltr'>coepissem.</span> <span class='ocrx_word' id='word_1_93' title='bbox 2037 1095 2240 1162; x_wconf 87' lang='lat' dir='ltr'>postea-</span> <span class='ocrx_word' id='word_1_94' title='bbox 2311 1116 2317 1123; x_wconf 85' lang='lat'><strong>·</strong></span> 
     </span>
     <span class='ocr_line' id='line_1_13' title="bbox 344 1169 2296 1248; baseline -0.001 -18"><span class='ocrx_word' id='word_1_95' title='bbox 344 1194 499 1245; x_wconf 91' lang='lat' dir='ltr'>quam</span> <span class='ocrx_word' id='word_1_96' title='bbox 526 1195 615 1232; x_wconf 91' lang='lat' dir='ltr'>uos</span> <span class='ocrx_word' id='word_1_97' title='bbox 640 1169 705 1233; x_wconf 72' lang='lat' dir='ltr'>de</span> <span class='ocrx_word' id='word_1_98' title='bbox 732 1196 932 1233; x_wconf 88' lang='lat' dir='ltr'>carcere</span> <span class='ocrx_word' id='word_1_99' title='bbox 970 1182 1277 1248; x_wconf 69' lang='lat' dir='ltr'>prodeuntes</span> <span class='ocrx_word' id='word_1_100' title='bbox 1319 1180 1680 1234; x_wconf 88' lang='lat' dir='ltr'>schismaticus</span> <span class='ocrx_word' id='word_1_101' title='bbox 1708 1182 1760 1233; x_wconf 90' lang='lat' dir='ltr'>et</span> <span class='ocrx_word' id='word_1_102' title='bbox 1785 1181 2074 1234; x_wconf 90' lang='lat' dir='ltr'>haereticus</span> <span class='ocrx_word' id='word_1_103' title='bbox 2101 1195 2239 1234; x_wconf 90' lang='lat' dir='ltr'>error</span> <span class='ocrx_word' id='word_1_104' title='bbox 2255 1197 2296 1229; x_wconf 85' lang='grc' dir='ltr'>ιο</span> 
     </span>
     <span class='ocr_line' id='line_1_14' title="bbox 345 1265 2237 1336; baseline 0.001 -20"><span class='ocrx_word' id='word_1_105' title='bbox 345 1265 560 1332; x_wconf 83' lang='lat' dir='ltr'>excepit,</span> <span class='ocrx_word' id='word_1_106' title='bbox 603 1266 677 1318; x_wconf 91' lang='lat' dir='ltr'>sic</span> <span class='ocrx_word' id='word_1_107' title='bbox 712 1283 791 1319; x_wconf 90' lang='lat' dir='ltr'>res</span> <span class='ocrx_word' id='word_1_108' title='bbox 832 1269 942 1320; x_wconf 89' lang='lat' dir='ltr'>erat</span> <span class='ocrx_word' id='word_1_109' title='bbox 981 1267 1127 1335; x_wconf 82' lang='lat' dir='ltr'>quasi</span> <span class='ocrx_word' id='word_1_110' title='bbox 1166 1269 1341 1320; x_wconf 90' lang='lat' dir='ltr'>uestra</span> <span class='ocrx_word' id='word_1_111' title='bbox 1380 1267 1547 1336; x_wconf 89' lang='lat' dir='ltr'>gloria</span> <span class='ocrx_word' id='word_1_112' title='bbox 1572 1267 1627 1319; x_wconf 92' lang='lat' dir='ltr'>in</span> <span class='ocrx_word' id='word_1_113' title='bbox 1653 1282 1850 1320; x_wconf 89' lang='lat' dir='ltr'>carcere</span> <span class='ocrx_word' id='word_1_114' title='bbox 1888 1267 2237 1335; x_wconf 73' lang='lat' dir='ltr'>remansisset.</span> 
     </span>
     <span class='ocr_line' id='line_1_15' title="bbox 343 1351 2332 1422; baseline 0.002 -19"><span class='ocrx_word' id='word_1_115' title='bbox 343 1351 455 1404; x_wconf 87' lang='lat' dir='ltr'>illic</span> <span class='ocrx_word' id='word_1_116' title='bbox 502 1353 639 1405; x_wconf 91' lang='lat' dir='ltr'>enim</span> <span class='ocrx_word' id='word_1_117' title='bbox 688 1354 938 1406; x_wconf 87' lang='lat' dir='ltr'>resedisse</span> <span class='ocrx_word' id='word_1_118' title='bbox 987 1354 1149 1406; x_wconf 91' lang='lat' dir='ltr'>uestri</span> <span class='ocrx_word' id='word_1_119' title='bbox 1196 1354 1419 1407; x_wconf 88' lang='lat' dir='ltr'>nominis</span> <span class='ocrx_word' id='word_1_120' title='bbox 1459 1353 1688 1422; x_wconf 87' lang='lat' dir='ltr'>dignitas</span> <span class='ocrx_word' id='word_1_121' title='bbox 1726 1354 2001 1407; x_wconf 88' lang='lat' dir='ltr'>uidebatur</span> <span class='ocrx_word' id='word_1_122' title='bbox 2039 1352 2239 1420; x_wconf 89' lang='lat' dir='ltr'>quando</span> <span class='ocrx_word' id='word_1_123' title='bbox 2323 1358 2332 1398; x_wconf 73' lang='grc' dir='ltr'><em>Ξ</em></span> 
     </span>
     <span class='ocr_line' id='line_1_16' title="bbox 344 1438 2238 1506; baseline 0.001 -16"><span class='ocrx_word' id='word_1_124' title='bbox 344 1439 541 1491; x_wconf 77' lang='lat' dir='ltr'>milites</span> <span class='ocrx_word' id='word_1_125' title='bbox 582 1438 774 1492; x_wconf 82' lang='lat' dir='ltr'>Christi</span> <span class='ocrx_word' id='word_1_126' title='bbox 815 1455 914 1492; x_wconf 88' lang='lat' dir='ltr'>non</span> <span class='ocrx_word' id='word_1_127' title='bbox 951 1441 1016 1492; x_wconf 94' lang='lat' dir='ltr'>ad</span> <span class='ocrx_word' id='word_1_128' title='bbox 1056 1440 1327 1493; x_wconf 86' lang='lat' dir='ltr'>ecclesiam</span> <span class='ocrx_word' id='word_1_129' title='bbox 1367 1440 1428 1492; x_wconf 90' lang='lat' dir='ltr'>de</span> <span class='ocrx_word' id='word_1_130' title='bbox 1455 1456 1653 1493; x_wconf 86' lang='lat' dir='ltr'>carcere</span> <span class='ocrx_word' id='word_1_131' title='bbox 1699 1439 1941 1503; x_wconf 89' lang='lat' dir='ltr'>redirent,</span> <span class='ocrx_word' id='word_1_132' title='bbox 1993 1440 2044 1492; x_wconf 89' lang='grc'>111</span> <span class='ocrx_word' id='word_1_133' title='bbox 2086 1455 2238 1506; x_wconf 89' lang='lat' dir='ltr'>quem</span> 
     </span>
     <span class='ocr_line' id='line_1_17' title="bbox 344 1526 1907 1596; baseline 0.001 -19"><span class='ocrx_word' id='word_1_134' title='bbox 344 1526 487 1593; x_wconf 87' lang='lat' dir='ltr'>prius</span> <span class='ocrx_word' id='word_1_135' title='bbox 526 1542 644 1578; x_wconf 89' lang='lat' dir='ltr'>cum</span> <span class='ocrx_word' id='word_1_136' title='bbox 683 1527 926 1596; x_wconf 85' lang='lat' dir='ltr'>ecclesiae</span> <span class='ocrx_word' id='word_1_137' title='bbox 964 1527 1114 1580; x_wconf 88' lang='lat' dir='ltr'>laude</span> <span class='ocrx_word' id='word_1_138' title='bbox 1154 1529 1205 1580; x_wconf 92' lang='lat' dir='ltr'>et</span> <span class='ocrx_word' id='word_1_139' title='bbox 1245 1527 1592 1595; x_wconf 83' lang='lat' dir='ltr'>gratulatione</span> <span class='ocrx_word' id='word_1_140' title='bbox 1630 1527 1907 1579; x_wconf 89' lang='lat' dir='ltr'>uenissent.</span> 
     </span>
    </p>

    <p class='ocr_par' dir='ltr' id='par_1_5' title="bbox 292 1611 2326 2287">
     <span class='ocr_line' id='line_1_18' title="bbox 292 1611 2326 1681; baseline -0.001 -16"><span class='ocrx_word' id='word_1_141' title='bbox 292 1616 324 1665; x_wconf 84' lang='lat'><strong>3</strong></span> <span class='ocrx_word' id='word_1_142' title='bbox 416 1611 552 1664; x_wconf 91' lang='lat' dir='ltr'>Nam</span> <span class='ocrx_word' id='word_1_143' title='bbox 590 1613 689 1665; x_wconf 89' lang='lat' dir='ltr'>etsi</span> <span class='ocrx_word' id='word_1_144' title='bbox 715 1613 957 1669; x_wconf 87' lang='lat' dir='ltr'>uidentur</span> <span class='ocrx_word' id='word_1_145' title='bbox 984 1613 1036 1665; x_wconf 88' lang='lat' dir='ltr'>in</span> <span class='ocrx_word' id='word_1_146' title='bbox 1065 1613 1278 1666; x_wconf 89' lang='lat' dir='ltr'>ecclesia</span> <span class='ocrx_word' id='word_1_147' title='bbox 1304 1629 1412 1667; x_wconf 89' lang='lat' dir='ltr'>esse</span> <span class='ocrx_word' id='word_1_148' title='bbox 1440 1613 1649 1681; x_wconf 81' lang='lat' dir='ltr'>zizania,</span> <span class='ocrx_word' id='word_1_149' title='bbox 1690 1628 1790 1665; x_wconf 90' lang='lat' dir='ltr'>non</span> <span class='ocrx_word' id='word_1_150' title='bbox 1815 1614 1992 1666; x_wconf 86' lang='lat' dir='ltr'>tamen</span> <span class='ocrx_word' id='word_1_151' title='bbox 2017 1612 2238 1680; x_wconf 89' lang='lat' dir='ltr'>inpediri</span> <span class='ocrx_word' id='word_1_152' title='bbox 2259 1631 2295 1662; x_wconf 84' lang='lat'>15</span> <span class='ocrx_word' id='word_1_153' title='bbox 2321 1619 2326 1627; x_wconf 84' lang='grc'><em>·</em></span> 
     </span>
     <span class='ocr_line' id='line_1_19' title="bbox 346 1694 2240 1767; baseline 0 -16"><span class='ocrx_word' id='word_1_154' title='bbox 346 1699 497 1751; x_wconf 85' lang='lat' dir='ltr'>debet</span> <span class='ocrx_word' id='word_1_155' title='bbox 545 1700 635 1751; x_wconf 89' lang='lat' dir='ltr'>aut</span> <span class='ocrx_word' id='word_1_156' title='bbox 682 1694 807 1751; x_wconf 89' lang='lat' dir='ltr'>fides</span> <span class='ocrx_word' id='word_1_157' title='bbox 858 1701 949 1752; x_wconf 89' lang='lat' dir='ltr'>aut</span> <span class='ocrx_word' id='word_1_158' title='bbox 987 1700 1178 1753; x_wconf 87' lang='lat' dir='ltr'>caritas</span> <span class='ocrx_word' id='word_1_159' title='bbox 1215 1700 1390 1753; x_wconf 88' lang='lat' dir='ltr'>nostra</span> <span class='ocrx_word' id='word_1_160' title='bbox 1429 1700 1488 1751; x_wconf 92' lang='lat' dir='ltr'>ut</span> <span class='ocrx_word' id='word_1_161' title='bbox 1527 1700 1769 1767; x_wconf 80' lang='lat' dir='ltr'>quoniam</span> <span class='ocrx_word' id='word_1_162' title='bbox 1809 1699 2002 1752; x_wconf 85' lang='lat' dir='ltr'>zizania</span> <span class='ocrx_word' id='word_1_163' title='bbox 2042 1714 2148 1752; x_wconf 91' lang='lat' dir='ltr'>esse</span> <span class='ocrx_word' id='word_1_164' title='bbox 2186 1698 2240 1751; x_wconf 89' lang='lat' dir='ltr'>in</span> 
     </span>
     <span class='ocr_line' id='line_1_20' title="bbox 346 1785 2239 1852; baseline -0.001 -14"><span class='ocrx_word' id='word_1_165' title='bbox 346 1786 558 1838; x_wconf 88' lang='lat' dir='ltr'>ecclesia</span> <span class='ocrx_word' id='word_1_166' title='bbox 606 1787 879 1849; x_wconf 60' lang='lat' dir='ltr'>cernimus⁹</span> <span class='ocrx_word' id='word_1_167' title='bbox 931 1786 1031 1852; x_wconf 88' lang='lat' dir='ltr'>ipsi</span> <span class='ocrx_word' id='word_1_168' title='bbox 1081 1787 1141 1839; x_wconf 93' lang='lat' dir='ltr'>de</span> <span class='ocrx_word' id='word_1_169' title='bbox 1186 1786 1400 1839; x_wconf 86' lang='lat' dir='ltr'>ccclesia</span> <span class='ocrx_word' id='word_1_170' title='bbox 1447 1787 1760 1839; x_wconf 80' lang='lat' dir='ltr'>recedamus.</span> <span class='ocrx_word' id='word_1_171' title='bbox 1810 1785 1957 1838; x_wconf 87' lang='lat' dir='ltr'>nobis</span> <span class='ocrx_word' id='word_1_172' title='bbox 2005 1786 2239 1838; x_wconf 88' lang='lat' dir='ltr'>tantum—</span> 
     </span>
     <span class='ocr_line' id='line_1_21' title="bbox 346 1872 2240 1939; baseline 0 -16"><span class='ocrx_word' id='word_1_173' title='bbox 346 1872 496 1923; x_wconf 88' lang='lat' dir='ltr'>modo</span> <span class='ocrx_word' id='word_1_174' title='bbox 546 1872 887 1925; x_wconf 90' lang='lat' dir='ltr'>laborandum</span> <span class='ocrx_word' id='word_1_175' title='bbox 937 1875 1035 1926; x_wconf 84' lang='lat' dir='ltr'>est&#39;</span> <span class='ocrx_word' id='word_1_176' title='bbox 1065 1874 1124 1924; x_wconf 92' lang='lat' dir='ltr'>ut</span> <span class='ocrx_word' id='word_1_177' title='bbox 1170 1872 1491 1925; x_wconf 89' lang='lat' dir='ltr'>frumentum</span> <span class='ocrx_word' id='word_1_178' title='bbox 1540 1888 1647 1926; x_wconf 90' lang='lat' dir='ltr'>esse</span> <span class='ocrx_word' id='word_1_179' title='bbox 1694 1872 1970 1939; x_wconf 87' lang='lat' dir='ltr'>possimus,</span> <span class='ocrx_word' id='word_1_180' title='bbox 2024 1873 2084 1924; x_wconf 91' lang='lat' dir='ltr'>ut</span> <span class='ocrx_word' id='word_1_181' title='bbox 2123 1887 2240 1926; x_wconf 83' lang='lat' dir='ltr'>cum</span> 
     </span>
     <span class='ocr_line' id='line_1_22' title="bbox 346 1958 2239 2025; baseline -0.001 -15"><span class='ocrx_word' id='word_1_182' title='bbox 346 1958 569 2025; x_wconf 87' lang='lat' dir='ltr'>coeperit</span> <span class='ocrx_word' id='word_1_183' title='bbox 607 1958 929 2011; x_wconf 89' lang='lat' dir='ltr'>frumentum</span> <span class='ocrx_word' id='word_1_184' title='bbox 968 1959 1239 2012; x_wconf 80' lang='lat' dir='ltr'>dominicis</span> <span class='ocrx_word' id='word_1_185' title='bbox 1278 1959 1474 2012; x_wconf 90' lang='lat' dir='ltr'>horreis</span> <span class='ocrx_word' id='word_1_186' title='bbox 1514 1959 1678 2023; x_wconf 83' lang='lat' dir='ltr'>condi,</span> <span class='ocrx_word' id='word_1_187' title='bbox 1720 1959 1947 2011; x_wconf 80' lang='lat' dir='ltr'>fructum</span> <span class='ocrx_word' id='word_1_188' title='bbox 1974 1973 2064 2025; x_wconf 88' lang='lat' dir='ltr'>pro</span> <span class='ocrx_word' id='word_1_189' title='bbox 2091 1972 2239 2024; x_wconf 90' lang='lat' dir='ltr'>opere</span> 
     </span>
     <span class='ocr_line' id='line_1_23' title="bbox 346 2044 2297 2113; baseline 0.002 -16"><span class='ocrx_word' id='word_1_190' title='bbox 346 2046 519 2097; x_wconf 91' lang='lat' dir='ltr'>nostro</span> <span class='ocrx_word' id='word_1_191' title='bbox 562 2047 612 2097; x_wconf 91' lang='lat' dir='ltr'>et</span> <span class='ocrx_word' id='word_1_192' title='bbox 650 2045 824 2098; x_wconf 89' lang='lat' dir='ltr'>labore</span> <span class='ocrx_word' id='word_1_193' title='bbox 863 2046 1142 2112; x_wconf 78' lang='lat' dir='ltr'>capiamus,</span> <span class='ocrx_word' id='word_1_194' title='bbox 1194 2046 1456 2112; x_wconf 86' lang='lat' dir='ltr'>apostolus</span> <span class='ocrx_word' id='word_1_195' title='bbox 1495 2045 1549 2098; x_wconf 89' lang='lat' dir='ltr'>in</span> <span class='ocrx_word' id='word_1_196' title='bbox 1589 2046 1811 2113; x_wconf 84' lang='lat' dir='ltr'>epistula</span> <span class='ocrx_word' id='word_1_197' title='bbox 1850 2060 1943 2097; x_wconf 90' lang='lat' dir='ltr'>sua</span> <span class='ocrx_word' id='word_1_198' title='bbox 1982 2044 2133 2097; x_wconf 89' lang='lat' dir='ltr'>dicit:</span> <span class='ocrx_word' id='word_1_199' title='bbox 2174 2044 2297 2100; x_wconf 80' lang='lat' dir='ltr'>in20</span> 
     </span>
     <span class='ocr_line' id='line_1_24' title="bbox 347 2131 2240 2205; baseline 0.001 -22"><span class='ocrx_word' id='word_1_200' title='bbox 347 2131 525 2184; x_wconf 91' lang='lat' dir='ltr'>domo</span> <span class='ocrx_word' id='word_1_201' title='bbox 578 2134 795 2185; x_wconf 90' lang='lat' dir='ltr'>autem</span> <span class='ocrx_word' id='word_1_202' title='bbox 846 2148 1072 2200; x_wconf 86' lang='lat' dir='ltr'>magna</span> <span class='ocrx_word' id='word_1_203' title='bbox 1122 2148 1239 2184; x_wconf 87' lang='lat' dir='ltr'>non</span> <span class='ocrx_word' id='word_1_204' title='bbox 1290 2132 1495 2184; x_wconf 89' lang='lat' dir='ltr'>solum</span> <span class='ocrx_word' id='word_1_205' title='bbox 1546 2147 1699 2205; x_wconf 87' lang='lat' dir='ltr'>uasa</span> <span class='ocrx_word' id='word_1_206' title='bbox 1750 2133 1896 2184; x_wconf 89' lang='lat' dir='ltr'>sunt</span> <span class='ocrx_word' id='word_1_207' title='bbox 1947 2147 2139 2183; x_wconf 89' lang='lat' dir='ltr'>aurea</span> <span class='ocrx_word' id='word_1_208' title='bbox 2178 2132 2240 2185; x_wconf 93' lang='lat' dir='ltr'>et</span> 
     </span>
     <span class='ocr_line' id='line_1_25' title="bbox 346 2217 2238 2287; baseline 0 -18"><span class='ocrx_word' id='word_1_209' title='bbox 346 2220 683 2286; x_wconf 84' lang='lat' dir='ltr'>argentea,</span> <span class='ocrx_word' id='word_1_210' title='bbox 725 2218 832 2271; x_wconf 87' lang='lat' dir='ltr'>sed</span> <span class='ocrx_word' id='word_1_211' title='bbox 872 2221 933 2270; x_wconf 90' lang='lat' dir='ltr'>et</span> <span class='ocrx_word' id='word_1_212' title='bbox 972 2219 1189 2287; x_wconf 88' lang='lat' dir='ltr'>lignea</span> <span class='ocrx_word' id='word_1_213' title='bbox 1229 2221 1289 2271; x_wconf 90' lang='lat' dir='ltr'>et</span> <span class='ocrx_word' id='word_1_214' title='bbox 1328 2218 1607 2286; x_wconf 76' lang='lat' dir='ltr'>fictilia,</span> <span class='ocrx_word' id='word_1_215' title='bbox 1657 2219 1718 2270; x_wconf 89' lang='lat' dir='ltr'>et</span> <span class='ocrx_word' id='word_1_216' title='bbox 1757 2217 2065 2285; x_wconf 90' lang='lat' dir='ltr'>quaedam</span> <span class='ocrx_word' id='word_1_217' title='bbox 2105 2217 2238 2284; x_wconf 89' lang='lat' dir='ltr'>qui-</span> 
     </span>
    </p>
   </div>
   <div class='ocr_carea' id='block_1_4' title="bbox 518 2390 971 2443">
    <p class='ocr_par' dir='ltr' id='par_1_6' title="bbox 518 2390 971 2443">
     <span class='ocr_line' id='line_1_26' title="bbox 518 2390 971 2443; baseline 0 -11"><span class='ocrx_word' id='word_1_218' title='bbox 518 2390 575 2432; x_wconf 86' lang='grc'>20</span> <span class='ocrx_word' id='word_1_219' title='bbox 605 2390 653 2433; x_wconf 93' lang='lat' dir='ltr'>II</span> <span class='ocrx_word' id='word_1_220' title='bbox 686 2390 797 2433; x_wconf 85' lang='lat' dir='ltr'>Tim.</span> <span class='ocrx_word' id='word_1_221' title='bbox 831 2392 871 2443; x_wconf 90' lang='grc'>2,</span> <span class='ocrx_word' id='word_1_222' title='bbox 904 2392 971 2435; x_wconf 88' lang='grc'>20.</span> 
     </span>
    </p>
   </div>
   <div class='ocr_carea' id='block_1_5' title="bbox 346 2538 2239 3612">
    <p class='ocr_par' dir='ltr' id='par_1_7' title="bbox 346 2538 2239 3037">
     <span class='ocr_line' id='line_1_27' title="bbox 433 2538 2239 2605; baseline -0.001 -14"><span class='ocrx_word' id='word_1_223' title='bbox 433 2549 460 2591; x_wconf 94' lang='grc'>2</span> <span class='ocrx_word' id='word_1_224' title='bbox 481 2550 745 2605; x_wconf 80' lang='lat' dir='ltr'>necteretur]</span> <span class='ocrx_word' id='word_1_225' title='bbox 772 2551 1080 2592; x_wconf 88' lang='lat' dir='ltr'>necteneretur</span> <span class='ocrx_word' id='word_1_226' title='bbox 1108 2549 1156 2605; x_wconf 74' lang='lat' dir='ltr'>Q,</span> <span class='ocrx_word' id='word_1_227' title='bbox 1180 2551 1516 2593; x_wconf 88' lang='lat' dir='ltr'>nectenerentur</span> <span class='ocrx_word' id='word_1_228' title='bbox 1542 2550 1583 2592; x_wconf 79' lang='lat' dir='ltr'>T·</span> <span class='ocrx_word' id='word_1_229' title='bbox 1604 2538 1613 2549; x_wconf 63' lang='grc'><em>’</em></span> <span class='ocrx_word' id='word_1_230' title='bbox 1751 2547 1907 2591; x_wconf 88' lang='lat' dir='ltr'>fierent</span> <span class='ocrx_word' id='word_1_231' title='bbox 1930 2561 1984 2591; x_wconf 76' lang='lat' dir='ltr'>eae</span> <span class='ocrx_word' id='word_1_232' title='bbox 2007 2548 2177 2591; x_wconf 84' lang='lat' dir='ltr'>fuerint</span> <span class='ocrx_word' id='word_1_233' title='bbox 2199 2548 2239 2605; x_wconf 71' lang='lat' dir='ltr'><em>Q</em></span> 
     </span>
     <span class='ocr_line' id='line_1_28' title="bbox 348 2620 2239 2677; baseline 0 -14"><span class='ocrx_word' id='word_1_234' title='bbox 348 2622 521 2676; x_wconf 84' lang='lat' dir='ltr'>(fierent</span> <span class='ocrx_word' id='word_1_235' title='bbox 544 2622 622 2677; x_wconf 92' lang='lat' dir='ltr'>M)</span> <span class='ocrx_word' id='word_1_236' title='bbox 747 2622 774 2665; x_wconf 88' lang='lat'>3</span> <span class='ocrx_word' id='word_1_237' title='bbox 795 2621 1005 2664; x_wconf 88' lang='lat' dir='ltr'>uirtutcis</span> <span class='ocrx_word' id='word_1_238' title='bbox 1033 2623 1074 2665; x_wconf 91' lang='lat' dir='ltr'><em>T</em></span> <span class='ocrx_word' id='word_1_239' title='bbox 1186 2623 1385 2666; x_wconf 77' lang='lat' dir='ltr'>auctore*</span> <span class='ocrx_word' id='word_1_240' title='bbox 1409 2621 1453 2664; x_wconf 99' lang='grc' dir='ltr'><strong><em>Β</em></strong></span> <span class='ocrx_word' id='word_1_241' title='bbox 1475 2635 1494 2664; x_wconf 93' lang='lat' dir='ltr'>s</span> <span class='ocrx_word' id='word_1_242' title='bbox 1518 2634 1631 2665; x_wconf 77' lang='lat' dir='ltr'>eras.</span> <span class='ocrx_word' id='word_1_243' title='bbox 1750 2621 1777 2664; x_wconf 90' lang='lat'>5</span> <span class='ocrx_word' id='word_1_244' title='bbox 1798 2620 2062 2677; x_wconf 84' lang='lat' dir='ltr'>glorientur]</span> <span class='ocrx_word' id='word_1_245' title='bbox 2086 2622 2239 2676; x_wconf 85' lang='lat' dir='ltr'>gratu·</span> 
     </span>
     <span class='ocr_line' id='line_1_29' title="bbox 346 2682 2183 2749; baseline 0 -15"><span class='ocrx_word' id='word_1_246' title='bbox 346 2692 495 2735; x_wconf 86' lang='lat' dir='ltr'>lentur</span> <span class='ocrx_word' id='word_1_247' title='bbox 518 2694 561 2736; x_wconf 93' lang='grc' dir='ltr'><strong><em>Β</em></strong></span> <span class='ocrx_word' id='word_1_248' title='bbox 708 2694 751 2736; x_wconf 86' lang='lat' dir='ltr'>et</span> <span class='ocrx_word' id='word_1_249' title='bbox 784 2708 864 2737; x_wconf 80' lang='lat' dir='ltr'>om.</span> <span class='ocrx_word' id='word_1_250' title='bbox 891 2682 958 2737; x_wconf 82' lang='lat' dir='ltr'>B&#39;</span> <span class='ocrx_word' id='word_1_251' title='bbox 1081 2693 1208 2749; x_wconf 86' lang='lat' dir='ltr'>satis]</span> <span class='ocrx_word' id='word_1_252' title='bbox 1243 2693 1387 2749; x_wconf 82' lang='lat' dir='ltr'>magis</span> <span class='ocrx_word' id='word_1_253' title='bbox 1410 2708 1435 2737; x_wconf 83' lang='lat' dir='ltr'><em>v</em></span> <span class='ocrx_word' id='word_1_254' title='bbox 1581 2706 1659 2736; x_wconf 92' lang='lat' dir='ltr'>uos</span> <span class='ocrx_word' id='word_1_255' title='bbox 1683 2692 1727 2735; x_wconf 91' lang='grc' dir='ltr'><strong><em>Β</em></strong></span> <span class='ocrx_word' id='word_1_256' title='bbox 1872 2692 1898 2734; x_wconf 89' lang='lat'>6</span> <span class='ocrx_word' id='word_1_257' title='bbox 1927 2692 2115 2735; x_wconf 86' lang='lat' dir='ltr'>raritate</span> <span class='ocrx_word' id='word_1_258' title='bbox 2142 2693 2183 2735; x_wconf 87' lang='grc' dir='ltr'><strong><em>Τ</em></strong></span> 
     </span>
     <span class='ocr_line' id='line_1_30' title="bbox 348 2762 2234 2822; baseline -0.001 -15"><span class='ocrx_word' id='word_1_259' title='bbox 348 2764 372 2806; x_wconf 85' lang='grc'>7</span> <span class='ocrx_word' id='word_1_260' title='bbox 396 2765 514 2820; x_wconf 85' lang='lat' dir='ltr'>quod</span> <span class='ocrx_word' id='word_1_261' title='bbox 536 2765 578 2808; x_wconf 83' lang='lat' dir='ltr'><em>L</em></span> <span class='ocrx_word' id='word_1_262' title='bbox 696 2766 807 2822; x_wconf 90' lang='lat' dir='ltr'>mco]</span> <span class='ocrx_word' id='word_1_263' title='bbox 832 2780 901 2808; x_wconf 92' lang='lat' dir='ltr'>me</span> <span class='ocrx_word' id='word_1_264' title='bbox 923 2766 968 2808; x_wconf 92' lang='grc' dir='ltr'><strong><em>Β</em></strong></span> <span class='ocrx_word' id='word_1_265' title='bbox 1087 2765 1214 2808; x_wconf 86' lang='lat' dir='ltr'>corde</span> <span class='ocrx_word' id='word_1_266' title='bbox 1238 2765 1283 2820; x_wconf 87' lang='lat' dir='ltr'>f.]</span> <span class='ocrx_word' id='word_1_267' title='bbox 1308 2765 1498 2808; x_wconf 81' lang='lat' dir='ltr'>defuerit</span> <span class='ocrx_word' id='word_1_268' title='bbox 1526 2765 1566 2807; x_wconf 96' lang='lat' dir='ltr'><em>T</em></span> <span class='ocrx_word' id='word_1_269' title='bbox 1677 2763 1877 2807; x_wconf 88' lang='lat' dir='ltr'>debeatis</span> <span class='ocrx_word' id='word_1_270' title='bbox 1907 2764 1947 2807; x_wconf 94' lang='lat' dir='ltr'><em>T</em></span> <span class='ocrx_word' id='word_1_271' title='bbox 1955 2768 1963 2790; x_wconf 92' lang='lat'>¹</span> <span class='ocrx_word' id='word_1_272' title='bbox 2103 2763 2131 2805; x_wconf 89' lang='grc'>8</span> <span class='ocrx_word' id='word_1_273' title='bbox 2153 2762 2234 2819; x_wconf 90' lang='lat' dir='ltr'>eis]</span> 
     </span>
     <span class='ocr_line' id='line_1_31' title="bbox 348 2835 2184 2893; baseline 0.001 -15"><span class='ocrx_word' id='word_1_274' title='bbox 348 2849 393 2878; x_wconf 82' lang='lat' dir='ltr'>se</span> <span class='ocrx_word' id='word_1_275' title='bbox 414 2837 451 2878; x_wconf 83' lang='lat' dir='ltr'>is</span> <span class='ocrx_word' id='word_1_276' title='bbox 475 2836 614 2892; x_wconf 55' lang='lat' dir='ltr'>MQ,</span> <span class='ocrx_word' id='word_1_277' title='bbox 639 2837 678 2879; x_wconf 89' lang='lat' dir='ltr'>is</span> <span class='ocrx_word' id='word_1_278' title='bbox 707 2836 777 2893; x_wconf 44' lang='lat' dir='ltr'>QZ</span> <span class='ocrx_word' id='word_1_279' title='bbox 802 2852 846 2879; x_wconf 88' lang='lat' dir='ltr'>se</span> <span class='ocrx_word' id='word_1_280' title='bbox 873 2838 943 2879; x_wconf 89' lang='lat' dir='ltr'>his</span> <span class='ocrx_word' id='word_1_281' title='bbox 967 2837 1025 2891; x_wconf 83' lang='lat' dir='ltr'>B,</span> <span class='ocrx_word' id='word_1_282' title='bbox 1049 2837 1121 2879; x_wconf 88' lang='lat' dir='ltr'>his</span> <span class='ocrx_word' id='word_1_283' title='bbox 1150 2838 1189 2880; x_wconf 87' lang='lat' dir='ltr'><em>T</em></span> <span class='ocrx_word' id='word_1_284' title='bbox 1350 2839 1376 2880; x_wconf 82' lang='lat'>9</span> <span class='ocrx_word' id='word_1_285' title='bbox 1397 2838 1578 2892; x_wconf 86' lang='lat' dir='ltr'>possent</span> <span class='ocrx_word' id='word_1_286' title='bbox 1599 2837 1640 2877; x_wconf 91' lang='lat' dir='ltr'><em>B</em></span> <span class='ocrx_word' id='word_1_287' title='bbox 1807 2835 1957 2891; x_wconf 88' lang='lat' dir='ltr'>semel]</span> <span class='ocrx_word' id='word_1_288' title='bbox 1982 2836 2112 2878; x_wconf 85' lang='lat' dir='ltr'>antea</span> <span class='ocrx_word' id='word_1_289' title='bbox 2142 2835 2184 2879; x_wconf 93' lang='lat' dir='ltr'><em>V</em></span> 
     </span>
     <span class='ocr_line' id='line_1_32' title="bbox 348 2906 2183 2965; baseline 0.001 -16"><span class='ocrx_word' id='word_1_290' title='bbox 348 2906 543 2963; x_wconf 83' lang='lat' dir='ltr'>deligere</span> <span class='ocrx_word' id='word_1_291' title='bbox 573 2909 609 2964; x_wconf 71' lang='lat' dir='ltr'><strong><em>Q</em></strong></span> <span class='ocrx_word' id='word_1_292' title='bbox 770 2909 1016 2964; x_wconf 85' lang='lat' dir='ltr'>coepissent</span> <span class='ocrx_word' id='word_1_293' title='bbox 1038 2909 1080 2951; x_wconf 93' lang='grc' dir='ltr'><strong><em>Β</em></strong></span> <span class='ocrx_word' id='word_1_294' title='bbox 1241 2910 1296 2952; x_wconf 90' lang='grc'>10</span> <span class='ocrx_word' id='word_1_295' title='bbox 1317 2909 1410 2965; x_wconf 89' lang='lat' dir='ltr'>uos]</span> <span class='ocrx_word' id='word_1_296' title='bbox 1436 2923 1514 2951; x_wconf 89' lang='lat' dir='ltr'>uos</span> <span class='ocrx_word' id='word_1_297' title='bbox 1537 2909 1654 2951; x_wconf 91' lang='lat' dir='ltr'>enim</span> <span class='ocrx_word' id='word_1_298' title='bbox 1683 2908 1723 2951; x_wconf 91' lang='lat' dir='ltr'><strong><em>V</em></strong></span> <span class='ocrx_word' id='word_1_299' title='bbox 1881 2907 2114 2963; x_wconf 87' lang='lat' dir='ltr'>prodentes</span> <span class='ocrx_word' id='word_1_300' title='bbox 2142 2907 2183 2950; x_wconf 91' lang='lat' dir='ltr'><em>T</em></span> 
     </span>
     <span class='ocr_line' id='line_1_33' title="bbox 349 2979 2117 3037; baseline 0.001 -16"><span class='ocrx_word' id='word_1_301' title='bbox 349 2980 623 3023; x_wconf 83' lang='lat' dir='ltr'>scismaticos</span> <span class='ocrx_word' id='word_1_302' title='bbox 655 2981 744 3037; x_wconf 70' lang='lat' dir='ltr'>BQ</span> <span class='ocrx_word' id='word_1_303' title='bbox 918 2982 1134 3024; x_wconf 86' lang='lat' dir='ltr'>hereticos</span> <span class='ocrx_word' id='word_1_304' title='bbox 1168 2982 1258 3037; x_wconf 66' lang='lat' dir='ltr'>BQ</span> <span class='ocrx_word' id='word_1_305' title='bbox 1432 2994 1550 3024; x_wconf 87' lang='lat' dir='ltr'>error</span> <span class='ocrx_word' id='word_1_306' title='bbox 1582 2994 1636 3023; x_wconf 68' lang='lat' dir='ltr'>eu:</span> <span class='ocrx_word' id='word_1_307' title='bbox 1667 2982 1788 3023; x_wconf 82' lang='lat' dir='ltr'>errat</span> <span class='ocrx_word' id='word_1_308' title='bbox 1816 2979 1852 3036; x_wconf 74' lang='lat' dir='ltr'><em>Q</em></span> <span class='ocrx_word' id='word_1_309' title='bbox 1885 2981 2020 3032; x_wconf 57' lang='lat' dir='ltr'>(errat</span> <span class='ocrx_word' id='word_1_310' title='bbox 2043 2979 2117 3032; x_wconf 92' lang='lat' dir='ltr'>M)</span> 
     </span>
    </p>

    <p class='ocr_par' dir='ltr' id='par_1_8' title="bbox 349 3050 2239 3612">
     <span class='ocr_line' id='line_1_34' title="bbox 351 3050 2235 3109; baseline -0.002 -15"><span class='ocrx_word' id='word_1_311' title='bbox 351 3052 403 3095; x_wconf 87' lang='lat'>11</span> <span class='ocrx_word' id='word_1_312' title='bbox 436 3052 601 3108; x_wconf 83' lang='lat' dir='ltr'>excipit</span> <span class='ocrx_word' id='word_1_313' title='bbox 639 3053 678 3094; x_wconf 91' lang='lat' dir='ltr'><em>T</em></span> <span class='ocrx_word' id='word_1_314' title='bbox 850 3053 1087 3095; x_wconf 82' lang='lat' dir='ltr'>mansisset</span> <span class='ocrx_word' id='word_1_315' title='bbox 1123 3053 1159 3109; x_wconf 75' lang='lat' dir='ltr'><strong><em>Q</em></strong></span> <span class='ocrx_word' id='word_1_316' title='bbox 1334 3054 1388 3096; x_wconf 81' lang='lat'>12</span> <span class='ocrx_word' id='word_1_317' title='bbox 1418 3052 1626 3095; x_wconf 86' lang='lat' dir='ltr'>recidisse</span> <span class='ocrx_word' id='word_1_318' title='bbox 1658 3051 1748 3107; x_wconf 72' lang='lat' dir='ltr'>BQ</span> <span class='ocrx_word' id='word_1_319' title='bbox 1922 3050 2123 3106; x_wconf 85' lang='lat' dir='ltr'>dignitas</span> <span class='ocrx_word' id='word_1_320' title='bbox 2155 3054 2235 3093; x_wconf 70' lang='lat' dir='ltr'>etc.</span> 
     </span>
     <span class='ocr_line' id='line_1_35' title="bbox 350 3123 2239 3180; baseline -0.001 -13"><span class='ocrx_word' id='word_1_321' title='bbox 350 3124 525 3167; x_wconf 70' lang='lat' dir='ltr'>ewhibet</span> <span class='ocrx_word' id='word_1_322' title='bbox 547 3124 596 3167; x_wconf 82' lang='lat' dir='ltr'><em>F</em></span> <span class='ocrx_word' id='word_1_323' title='bbox 755 3125 808 3167; x_wconf 81' lang='lat'>15</span> <span class='ocrx_word' id='word_1_324' title='bbox 830 3139 934 3167; x_wconf 86' lang='lat' dir='ltr'>nam</span> <span class='ocrx_word' id='word_1_325' title='bbox 956 3126 1042 3167; x_wconf 86' lang='lat' dir='ltr'>etsi</span> <span class='ocrx_word' id='word_1_326' title='bbox 1067 3159 1075 3167; x_wconf 92' lang='lat'>.</span> <span class='ocrx_word' id='word_1_327' title='bbox 1098 3160 1103 3165; x_wconf 95' lang='lat'>.</span> <span class='ocrx_word' id='word_1_328' title='bbox 1124 3159 1131 3167; x_wconf 95' lang='lat'><em>.</em></span> <span class='ocrx_word' id='word_1_329' title='bbox 1152 3140 1200 3180; x_wconf 73' lang='lat' dir='ltr'>p.</span> <span class='ocrx_word' id='word_1_330' title='bbox 1224 3127 1392 3180; x_wconf 72' lang='lat'><strong><em>623,12</em></strong></span> <span class='ocrx_word' id='word_1_331' title='bbox 1413 3125 1561 3167; x_wconf 89' lang='lat' dir='ltr'>lumen</span> <span class='ocrx_word' id='word_1_332' title='bbox 1584 3124 1803 3166; x_wconf 88' lang='lat' dir='ltr'>amittunt</span> <span class='ocrx_word' id='word_1_333' title='bbox 1825 3123 1921 3166; x_wconf 76' lang='lat' dir='ltr'>eoeh.</span> <span class='ocrx_word' id='word_1_334' title='bbox 1945 3123 2239 3178; x_wconf 64' lang='lat' dir='ltr'>Auyusti‘nus</span> 
     </span>
     <span class='ocr_line' id='line_1_36' title="bbox 350 3194 2235 3253; baseline -0.001 -15"><span class='ocrx_word' id='word_1_335' title='bbox 350 3196 498 3251; x_wconf 76' lang='lat' dir='ltr'>Epist.</span> <span class='ocrx_word' id='word_1_336' title='bbox 532 3196 704 3241; x_wconf 81' lang='lat' dir='ltr'><strong><em>CVIII</em></strong></span> <span class='ocrx_word' id='word_1_337' title='bbox 719 3211 753 3240; x_wconf 86' lang='lat' dir='ltr'>c.</span> <span class='ocrx_word' id='word_1_338' title='bbox 779 3201 833 3240; x_wconf 90' lang='lat'>10</span> <span class='ocrx_word' id='word_1_339' title='bbox 861 3220 904 3231; x_wconf 40' lang='grc' dir='ltr'>ιε</span> <span class='ocrx_word' id='word_1_340' title='bbox 932 3196 1017 3248; x_wconf 83' lang='grc' dir='ltr'>Α“,</span> <span class='ocrx_word' id='word_1_341' title='bbox 1053 3198 1347 3253; x_wconf 71' lang='lat' dir='ltr'>Auyustinus</span> <span class='ocrx_word' id='word_1_342' title='bbox 1368 3202 1530 3240; x_wconf 73' lang='lat' dir='ltr'>contra</span> <span class='ocrx_word' id='word_1_343' title='bbox 1557 3196 1852 3241; x_wconf 72' lang='lat' dir='ltr'>Orescom‘um</span> <span class='ocrx_word' id='word_1_344' title='bbox 1873 3195 1992 3238; x_wconf 75' lang='lat' dir='ltr'>Don.</span> <span class='ocrx_word' id='word_1_345' title='bbox 2018 3194 2083 3237; x_wconf 91' lang='lat' dir='ltr'>II</span> <span class='ocrx_word' id='word_1_346' title='bbox 2098 3197 2159 3237; x_wconf 83' lang='lat'>43</span> <span class='ocrx_word' id='word_1_347' title='bbox 2185 3215 2235 3229; x_wconf 62' lang='grc' dir='ltr'>ε*</span> 
     </span>
     <span class='ocr_line' id='line_1_37' title="bbox 349 3265 2184 3323; baseline 0 -14"><span class='ocrx_word' id='word_1_348' title='bbox 349 3266 428 3319; x_wconf 84' lang='lat' dir='ltr'>A²‚</span> <span class='ocrx_word' id='word_1_349' title='bbox 454 3267 747 3323; x_wconf 76' lang='lat' dir='ltr'>Auyustinus</span> <span class='ocrx_word' id='word_1_350' title='bbox 768 3274 929 3311; x_wconf 72' lang='lat' dir='ltr'>contra</span> <span class='ocrx_word' id='word_1_351' title='bbox 954 3268 1268 3311; x_wconf 71' lang='lat' dir='ltr'>Gaudentium</span> <span class='ocrx_word' id='word_1_352' title='bbox 1291 3268 1412 3311; x_wconf 71' lang='lat' dir='ltr'>Don.</span> <span class='ocrx_word' id='word_1_353' title='bbox 1439 3270 1497 3311; x_wconf 88' lang='lat' dir='ltr'>II</span> <span class='ocrx_word' id='word_1_354' title='bbox 1517 3271 1546 3311; x_wconf 88' lang='lat'><em>3</em></span> <span class='ocrx_word' id='word_1_355' title='bbox 1574 3291 1618 3302; x_wconf 67' lang='lat'>-·-:</span> <span class='ocrx_word' id='word_1_356' title='bbox 1643 3268 1711 3310; x_wconf 75' lang='grc' dir='ltr'>Α3</span> <span class='ocrx_word' id='word_1_357' title='bbox 1861 3267 1961 3323; x_wconf 87' lang='lat' dir='ltr'>etsi]</span> <span class='ocrx_word' id='word_1_358' title='bbox 1986 3267 2024 3309; x_wconf 91' lang='lat' dir='ltr'>si</span> <span class='ocrx_word' id='word_1_359' title='bbox 2047 3265 2184 3321; x_wconf 71' lang='lat' dir='ltr'>BQT</span> 
     </span>
     <span class='ocr_line' id='line_1_38' title="bbox 353 3330 2235 3396; baseline -0.001 -16"><span class='ocrx_word' id='word_1_360' title='bbox 353 3338 611 3382; x_wconf 86' lang='lat' dir='ltr'>uiuidentur</span> <span class='ocrx_word' id='word_1_361' title='bbox 640 3340 680 3382; x_wconf 92' lang='lat' dir='ltr'><em>T</em></span> <span class='ocrx_word' id='word_1_362' title='bbox 834 3340 887 3383; x_wconf 90' lang='grc'>16</span> <span class='ocrx_word' id='word_1_363' title='bbox 909 3339 1068 3383; x_wconf 87' lang='lat' dir='ltr'>debeat</span> <span class='ocrx_word' id='word_1_364' title='bbox 1090 3340 1148 3383; x_wconf 85' lang='lat' dir='ltr'><em>M</em></span> <span class='ocrx_word' id='word_1_365' title='bbox 1165 3339 1315 3395; x_wconf 88' lang='lat' dir='ltr'>(debet</span> <span class='ocrx_word' id='word_1_366' title='bbox 1343 3340 1397 3396; x_wconf 75' lang='lat' dir='ltr'>Q)</span> <span class='ocrx_word' id='word_1_367' title='bbox 1555 3340 1770 3383; x_wconf 83' lang='lat' dir='ltr'>zizaniam</span> <span class='ocrx_word' id='word_1_368' title='bbox 1792 3341 1833 3383; x_wconf 92' lang='lat' dir='ltr'><em>T</em></span> <span class='ocrx_word' id='word_1_369' title='bbox 1861 3330 1864 3333; x_wconf 53' lang='grc'>’</span> <span class='ocrx_word' id='word_1_370' title='bbox 1983 3338 2030 3380; x_wconf 89' lang='grc'>111</span> <span class='ocrx_word' id='word_1_371' title='bbox 2052 3336 2235 3380; x_wconf 83' lang='lat' dir='ltr'>ecclesia</span> 
     </span>
     <span class='ocr_line' id='line_1_39' title="bbox 349 3408 2233 3467; baseline -0.001 -15"><span class='ocrx_word' id='word_1_372' title='bbox 349 3423 444 3453; x_wconf 87' lang='lat' dir='ltr'>esse</span> <span class='ocrx_word' id='word_1_373' title='bbox 466 3410 515 3454; x_wconf 80' lang='lat' dir='ltr'><em>F</em></span> <span class='ocrx_word' id='word_1_374' title='bbox 627 3411 679 3453; x_wconf 85' lang='lat'>17</span> <span class='ocrx_word' id='word_1_375' title='bbox 703 3425 872 3466; x_wconf 87' lang='lat' dir='ltr'>semper</span> <span class='ocrx_word' id='word_1_376' title='bbox 893 3413 1110 3455; x_wconf 86' lang='lat' dir='ltr'>cernimus</span> <span class='ocrx_word' id='word_1_377' title='bbox 1139 3413 1179 3455; x_wconf 91' lang='lat' dir='ltr'><em>T</em></span> <span class='ocrx_word' id='word_1_378' title='bbox 1310 3411 1413 3467; x_wconf 83' lang='lat' dir='ltr'>ipsi]</span> <span class='ocrx_word' id='word_1_379' title='bbox 1448 3422 1523 3454; x_wconf 89' lang='lat' dir='ltr'>nos</span> <span class='ocrx_word' id='word_1_380' title='bbox 1548 3412 1611 3454; x_wconf 67' lang='lat' dir='ltr'>A*</span> <span class='ocrx_word' id='word_1_381' title='bbox 1747 3410 1996 3454; x_wconf 84' lang='lat' dir='ltr'>recidamus</span> <span class='ocrx_word' id='word_1_382' title='bbox 2019 3410 2080 3453; x_wconf 89' lang='lat' dir='ltr'><em>M</em></span> <span class='ocrx_word' id='word_1_383' title='bbox 2099 3408 2233 3465; x_wconf 84' lang='lat' dir='ltr'>(rece-</span> 
     </span>
     <span class='ocr_line' id='line_1_40' title="bbox 350 3480 2177 3540; baseline -0.001 -16"><span class='ocrx_word' id='word_1_384' title='bbox 350 3480 509 3526; x_wconf 84' lang='lat' dir='ltr'>damus</span> <span class='ocrx_word' id='word_1_385' title='bbox 538 3482 593 3540; x_wconf 72' lang='lat' dir='ltr'>Q)</span> <span class='ocrx_word' id='word_1_386' title='bbox 770 3484 823 3527; x_wconf 88' lang='grc'>18</span> <span class='ocrx_word' id='word_1_387' title='bbox 845 3485 913 3527; x_wconf 86' lang='lat' dir='ltr'>est</span> <span class='ocrx_word' id='word_1_388' title='bbox 934 3497 1016 3527; x_wconf 84' lang='lat' dir='ltr'>om.</span> <span class='ocrx_word' id='word_1_389' title='bbox 1041 3483 1096 3535; x_wconf 92' lang='lat' dir='ltr'>B,</span> <span class='ocrx_word' id='word_1_390' title='bbox 1118 3486 1186 3527; x_wconf 88' lang='lat' dir='ltr'>est</span> <span class='ocrx_word' id='word_1_391' title='bbox 1207 3483 1370 3526; x_wconf 85' lang='lat' dir='ltr'>fratres</span> <span class='ocrx_word' id='word_1_392' title='bbox 1391 3483 1613 3528; x_wconf 84' lang='lat' dir='ltr'>carissimi</span> <span class='ocrx_word' id='word_1_393' title='bbox 1642 3483 1683 3527; x_wconf 91' lang='lat' dir='ltr'><em>V</em></span> <span class='ocrx_word' id='word_1_394' title='bbox 1852 3482 1906 3525; x_wconf 87' lang='grc'>19</span> <span class='ocrx_word' id='word_1_395' title='bbox 1926 3494 2004 3537; x_wconf 88' lang='lat' dir='ltr'>pro</span> <span class='ocrx_word' id='word_1_396' title='bbox 2024 3493 2106 3524; x_wconf 86' lang='lat' dir='ltr'>om.</span> <span class='ocrx_word' id='word_1_397' title='bbox 2134 3480 2177 3522; x_wconf 91' lang='lat' dir='ltr'><em>B</em></span> 
     </span>
     <span class='ocr_line' id='line_1_41' title="bbox 349 3553 1623 3612; baseline 0.002 -16"><span class='ocrx_word' id='word_1_398' title='bbox 349 3553 408 3596; x_wconf 85' lang='lat'>20</span> <span class='ocrx_word' id='word_1_399' title='bbox 427 3554 547 3597; x_wconf 83' lang='lat' dir='ltr'>dicat</span> <span class='ocrx_word' id='word_1_400' title='bbox 572 3555 615 3598; x_wconf 90' lang='lat' dir='ltr'><strong><em>B</em></strong></span> <span class='ocrx_word' id='word_1_401' title='bbox 731 3556 788 3598; x_wconf 85' lang='grc'>22</span> <span class='ocrx_word' id='word_1_402' title='bbox 808 3555 936 3612; x_wconf 85' lang='lat' dir='ltr'>ligna</span> <span class='ocrx_word' id='word_1_403' title='bbox 959 3556 1003 3598; x_wconf 88' lang='grc' dir='ltr'><strong><em>Β</em></strong></span> <span class='ocrx_word' id='word_1_404' title='bbox 1120 3555 1356 3612; x_wconf 84' lang='lat' dir='ltr'>quaedam]</span> <span class='ocrx_word' id='word_1_405' title='bbox 1379 3554 1559 3611; x_wconf 85' lang='lat' dir='ltr'>quidam</span> <span class='ocrx_word' id='word_1_406' title='bbox 1582 3555 1623 3598; x_wconf 92' lang='lat' dir='ltr'><strong><em>L</em></strong></span> 
     </span>
    </p>
   </div>
  </div>
 </body>
</html>
