2332 3978
325 278 431 335 724
987 273 1235 321 Caecilii
1273 254 1544 332 Cypriani

321 421 561 474 praeceps
608 406 662 459 et
709 404 988 473 abruptum
1041 404 1318 458 criminum
1373 418 1583 458 suorum
1630 406 1780 459 nocte
1830 405 1994 472 adque
2044 420 2222 459 errore
2271 394 2277 451 Ϊ·

324 492 611 560 rapiantur.
1514 547 1516 549 .

276 579 308 632 3
396 577 505 631 Nec
539 577 733 631 mirum
761 577 806 630 si
835 576 1050 630 consilia
1082 576 1257 630 nostra
1292 575 1384 629 aut
1408 575 1621 630 Domini
1652 578 1923 646 praecepta
1958 594 2093 632 nunc
2119 579 2212 632 ab·

325 665 494 717 nuunt
537 663 627 731 qui
653 663 938 721 Dominum
980 664 1314 732 negauerunt.
1361 662 1522 731 stipes
1562 665 1615 717 et
1655 664 1941 720 oblationes
1981 667 2034 720 et
2069 666 2214 719 lucra

327 739 636 814 desiderant,
676 749 864 817 quibus
897 749 1041 817 prius
1076 748 1397 802 insatiabiles
1431 749 1764 814 incubabant,
1801 751 1854 804 et
1879 751 2015 804 cenis
2045 751 2212 819 adque
2228 768 2257 799 r>

326 835 492 902 epulis
529 836 687 888 etiam
720 852 855 888 nunc
890 835 1108 903 inhiant,
1145 850 1363 902 quarum
1398 835 1662 904 crapulam
1695 851 1857 903 nuper
1882 837 2213 904 superstitem
2299 887 2304 895 .

324 921 380 974 in
416 921 525 974 dies
563 921 820 974 cruditate
865 920 1154 985 ructabant,
1200 936 1337 974 nunc
1380 920 1806 975 manifestissime
1844 923 2213 990 conprobantes

326 1023 418 1060 nec
444 1008 563 1061 ante
584 1022 637 1060 se
655 1006 911 1076 religioni,
941 1005 1030 1059 sed
1055 1006 1225 1059 uentri
1250 1006 1424 1073 potius
1445 1007 1496 1059 et
1515 1008 1751 1074 quaestui
1776 1009 1987 1075 profana
2013 1008 2214 1076 cupidi·
2277 1018 2308 1027 “’

326 1094 436 1146 tate
470 1094 706 1146 seruisse.
744 1093 878 1146 unde
905 1094 958 1146 et
982 1093 1150 1161 ipsam
1189 1093 1391 1146 uenisse
1423 1093 1764 1162 perspicimus
1791 1096 1844 1147 et
1869 1095 2124 1148 credimus
2150 1095 2214 1148 de
2307 1122 2310 1127 ·

328 1179 425 1232 Dei
470 1166 814 1246 exploratione
858 1194 1140 1247 censuram,
1191 1195 1254 1232 ne
1279 1179 1416 1247 apud
1461 1180 1628 1233 altare
1672 1180 1949 1234 consistere
1987 1182 2047 1234 ⁴et
2090 1195 2211 1235 con·
2229 1197 2312 1242 u>⁴

327 1266 550 1318 tractare
594 1265 813 1317 ulterius
857 1266 1246 1333 perseuerarent
1287 1266 1536 1332 pudorem
1573 1266 1772 1331 incesti,
1818 1265 1974 1319 fidem
2014 1266 2212 1335 perfidi,

328 1351 633 1421 religionem
658 1351 874 1418 profani,
903 1351 1082 1404 diuina
1106 1352 1317 1416 terreni,
1345 1353 1523 1405 sancta
1548 1353 1803 1421 sacrilegi.
1832 1354 1967 1420 quod
1991 1370 2055 1406 ne
2081 1352 2213 1406 tales
2316 1356 2332 1419 '5

329 1438 394 1490 ad
419 1437 602 1490 altaris
627 1437 947 1504 inpiamenta
966 1438 1018 1490 et
1038 1438 1274 1506 contagia
1298 1438 1521 1492 fratrum
1545 1438 1710 1491 denuo
1735 1439 1947 1492 redeant
1972 1439 2211 1492 omnibus
2324 1441 2332 1506 ⁴]

329 1523 528 1576 uiribus
554 1524 908 1576 excubandum
935 1524 1031 1588 est,
1068 1524 1208 1576 omni
1234 1524 1412 1592 uigore
1437 1524 1709 1577 nitendum
1735 1526 1795 1577 ut
1821 1514 2072 1592 quantum
2096 1539 2215 1592 pos·
2322 1515 2327 1520 ’

331 1626 509 1663 sumus
548 1611 610 1664 ab
650 1611 746 1664 hac
795 1625 878 1663 eos
925 1611 1006 1664 sui
1050 1611 1256 1664 sceleris
1301 1611 1518 1664 audacia
1544 1611 1897 1675 retundamuS,
1944 1627 2005 1664 ne
2050 1610 2215 1664 adhuc
2232 1629 2275 1661 15

331 1713 480 1766 agere
514 1712 605 1764 pro
632 1697 892 1750 sacerdote
920 1698 1166 1750 conentur
1191 1697 1280 1764 qui
1306 1697 1371 1749 ad
1396 1697 1578 1750 mortis
1606 1698 1835 1750 extrema
1863 1697 2049 1750 deiecti
2075 1697 2215 1750 ultra

330 1783 500 1850 lapsos
526 1783 686 1836 laicos
712 1783 892 1836 ruinae
918 1782 1129 1835 maioris
1154 1783 1376 1850 pondere
1400 1784 1722 1850 proruerunt.

283 1875 314 1925 4
403 1868 457 1922 Si
482 1885 602 1922 uero
638 1869 773 1937 apud
808 1869 1014 1922 insanos
1050 1869 1191 1922 furor
1225 1869 1532 1922 insanabilis
1567 1870 1975 1938 perseuerauerit
2001 1871 2052 1922 et
2078 1885 2215 1923 rece-

331 1957 482 2008 dente
522 1955 708 2024 spiritu
745 1957 919 2008 sancto
956 1971 1084 2022 quae
1121 1956 1288 2023 coepit
1323 1956 1540 2008 caecitas
1577 1956 1631 2007 in
1666 1972 1757 2008 sua
1792 1958 1941 2009 nocte
1977 1971 2213 2024 perman-

322 2041 469 2106 serit,
517 2042 791 2094 consilium
836 2041 984 2094 nobis
1030 2042 1130 2094 erit
1174 2041 1406 2110 singulos
1452 2040 1635 2094 fratres
1680 2042 1742 2094 ab
1788 2058 1963 2095 eorum
2007 2041 2214 2094 fallacia
2231 2061 2285 2094 20-

271 2195 273 2197 ,
326 2142 557 2195 separare
594 2129 661 2196 et,
705 2144 768 2180 ne
804 2128 919 2194 quis
946 2128 1001 2179 in
1026 2127 1234 2194 laqueos
1275 2127 1459 2180 erroris
1500 2127 1746 2191 incurrat,
1792 2128 1855 2180 ab
1885 2142 2059 2180 eorum
2099 2142 2217 2181 con-

413 2400 436 2441 1
458 2399 681 2455 praeceps]
703 2411 877 2454 praeces
905 2398 942 2455 Q
1161 2411 1239 2455 per
1261 2399 1501 2456 abruptum
1522 2413 1560 2451 v,
1585 2399 1774 2455 abrupto
1798 2399 1843 2442 P
2063 2398 2207 2454 nocte]

322 2473 449 2514 necte
474 2470 511 2527 Q
683 2470 824 2526 adque
847 2470 1003 2526 errore]
1029 2470 1258 2526 adquirere
1287 2471 1326 2516 O
1492 2471 1519 2514 3
1540 2457 1645 2514 dnn]
1675 2470 1712 2527 Q
1890 2470 2092 2514 adnuunt
2113 2470 2157 2514 L

322 2545 349 2588 5
371 2543 700 2587 insatiabiliter
731 2556 786 2586 ex
818 2542 1078 2586 insatiabile
1106 2543 1144 2587 Ο
1403 2542 1751 2586 succumbebant
1782 2542 1820 2587 Ο
1847 2541 1925 2585 sed
1948 2555 1970 2585 e
1992 2554 2047 2584 ea:
2068 2554 2094 2584 a

323 2616 350 2659 6
375 2615 524 2659 iniant
545 2615 622 2667 L¹,
644 2614 826 2658 hiniant
855 2615 902 2666 G,
926 2614 1116 2657 initiant
1137 2614 1182 2657 P
1412 2614 1652 2670 superstite
1674 2627 1813 2670 nuper
1834 2628 1872 2666 v,
1897 2615 2128 2669 nuperstet
2150 2613 2208 2666 R,

325 2687 569 2743 superstite
591 2700 648 2730 eoe
667 2687 926 2742 nuperstate
956 2686 993 2730 O
1145 2686 1170 2728 7
1193 2686 1515 2742 conprobanter
1543 2686 1581 2730 Ο
1731 2686 1759 2729 8
1779 2699 1858 2729 nec
1880 2686 2002 2742 ante]
2025 2697 2209 2741 negasse

325 2770 380 2801 ex
402 2760 595 2814 negante
624 2758 661 2802 G
788 2756 1026 2813 religionis
1047 2756 1138 2813 LQ
1253 2757 1343 2814 sed]
1367 2759 1413 2801 et
1434 2758 1478 2801 L
1594 2759 1640 2800 et
1660 2770 1742 2801 om.
1770 2757 1807 2814 Q
1942 2757 1969 2800 9
1990 2756 2093 2800 inde
2117 2756 2155 2813 Q

323 2830 373 2872 in
393 2831 492 2885 ipsa
514 2830 576 2874 M
594 2829 756 2885 (ipsam
784 2829 837 2885 Q)
975 2829 1268 2884 prespicimus
1290 2829 1336 2874 R
1473 2830 1528 2872 10
1547 2829 1618 2886 ne]
1641 2843 1722 2873 nec
1743 2830 1804 2873 M
1814 2828 1890 2885 ¹Q¹
2022 2828 2211 2871 altarem

331 2900 500 2957 G¹L¹Q
664 2902 939 2944 contrectare
964 2901 1169 2945 CNPRv
1342 2901 1395 2944 11
1417 2901 1581 2957 pudore
1598 2900 1719 2957 C²Q²
1738 2900 1967 2956 (pudorem
1985 2900 2022 2945 C
2035 2899 2185 2956 ¹MQ1)
2196 2917 2208 2952 ;

323 2973 430 3015 item
452 2971 537 3015 fide
557 2986 598 3028 p.
621 2972 837 3028 religione
860 2972 984 3028 C²Q²
1140 2973 1195 3015 12
1215 2973 1413 3028 profanis
1441 2972 1478 3029 Q
1612 2973 1801 3015 terrenis
1826 2972 1864 3029 Q
2019 2972 2074 3016 13
2095 2971 2212 3015 alta-

323 3056 392 3085 res
415 3043 470 3095 L,
496 3043 638 3087 altare
659 3044 758 3087 NP
901 3044 1190 3099 impiamente
1211 3044 1322 3087 LP¹
1458 3043 1682 3087 fratruum
1703 3043 1759 3096 L,
1792 3043 1978 3087 fratrem
2002 3043 2072 3095 0¹,
2093 3043 2206 3087 fruc-

323 3115 451 3157 tuum
473 3113 517 3158 R
662 3114 717 3157 14
737 3115 820 3171 est]
845 3116 913 3157 est
934 3116 980 3157 et
1004 3129 1031 3159 v
1174 3115 1296 3159 omni
1316 3115 1470 3172 uigore
1490 3114 1723 3158 nitendum
1744 3127 1826 3159 om.
1857 3115 1924 3160 Vv
2075 3115 2130 3159 15
2151 3114 2210 3158 ab

324 3184 424 3244 hac]
450 3186 494 3228 et
515 3185 630 3229 hanc
652 3199 708 3230 ex
729 3185 786 3229 ad
806 3186 890 3229 hac
911 3186 948 3230 0
1075 3200 1145 3231 eos
1166 3200 1248 3230 om.
1273 3187 1309 3231 G
1433 3187 1525 3229 suis
1547 3186 1645 3243 PQ,
1669 3186 1739 3229 uis
1761 3186 1806 3230 L
1923 3186 2079 3230 celeris
2100 3185 2203 3237 LP,

326 3256 456 3300 scelis
478 3256 515 3301 G
704 3257 935 3301 audaciam
956 3258 994 3302 C
1191 3259 1245 3302 16
1266 3257 1431 3302 detecti
1453 3258 1509 3302 Ο*
1702 3257 1756 3301 17
1778 3258 1929 3314 lapsus
1950 3257 2093 3301 laicus
2116 3257 2154 3301 O

325 3328 493 3372 maiore
517 3329 571 3373 0¹
792 3329 1032 3373 deruerunt
1053 3330 1091 3375 Ο
1310 3330 1365 3373 18
1385 3329 1543 3373 insano
1567 3329 1717 3373 furore
1738 3329 1783 3374 P
2004 3330 2058 3373 19
2080 3328 2207 3384 quae]

326 3402 462 3454 quate
485 3400 522 3444 Ο
707 3401 827 3457 cepit
849 3401 1014 3445 cecitas
1036 3402 1093 3454 L,
1116 3401 1366 3458 coephitica
1385 3401 1618 3445 coecitatis
1641 3401 1678 3446 Ο
1867 3400 1925 3445 20
1945 3399 2136 3456 singulis
2158 3399 2209 3449 C.

327 3470 376 3513 in
398 3471 600 3528 singulos
626 3471 663 3529 Q
807 3472 861 3516 21
883 3486 938 3516 ne
960 3472 1078 3530 quis]
1100 3472 1304 3529 quisquis
1327 3472 1366 3517 Ο
1381 3472 1459 3517 sed
1479 3472 1581 3528 quis
1601 3485 1634 3516 3.
1660 3472 1686 3516 l.
1832 3471 2071 3515 incurrerit
2092 3470 2150 3514 02

327 3542 616 3598 contagiones
638 3543 693 3587 Ο*
