2332 3978
661 276 962 334 Epistulae,
984 275 1268 321 LXVIIII.
1299 290 1336 322 c.
1367 278 1492 323 6—8.
1907 280 2009 334 757

49 414 74 472 ξ
146 408 460 463 inuocandus
485 405 657 459 fuerat
683 405 1022 459 inuocabant:
1058 404 1235 458 tamen
1269 406 1394 472 quia
1425 406 1528 460 loci
1553 407 1635 459 sui
1661 407 2012 460 ministerium

0 486 66 559 ’.ιη’ἶζ.
148 491 458 561 transgressi
484 490 663 544 contra
689 490 862 543 Aaron
888 489 1206 543 sacerdotem
1231 490 1329 556 qui,
1346 491 1688 546 sacerdotium
1714 492 2011 561 legitimum

0 572 58 652 ςήἶι
90 565 100 575 ’
151 576 445 646 dignatione
469 577 566 629 Dei
591 577 757 644 adque
781 575 1101 629 ordinatione
1125 575 1337 628 Domini
1360 578 1655 643 perceperat
1692 577 2010 632 sacrificandi

147 662 248 716 sibi
283 661 550 715 licentiam
587 661 1008 726 uindicauerunt,
1053 660 1308 714 diuinitus
1343 662 1571 728 percussi
1607 677 1795 730 poenas
1830 663 2012 716 statim

108 769 129 801 z
149 762 238 816 pro
268 747 486 801 inlicitis
523 748 792 801 conatibus
829 746 1192 815 pependerunt,
1229 761 1322 799 nec
1354 747 1635 814 potuerunt
1668 748 1781 801 rata
1815 763 1924 802 esse
1959 748 2011 800 et

83 862 85 864 ·
143 833 381 902 proficere
407 833 656 887 sacrificia
680 833 975 903 inreligiose
999 834 1052 886 et
1077 831 1276 886 inlicite
1302 832 1479 886 contra
1505 832 1586 884 ius
1607 832 1815 887 diuinae
1834 834 2007 900 dispo-

143 919 344 972 sitionis
380 919 569 972 oblata.
610 919 844 972 turibula
880 935 1080 987 quoque
1113 919 1244 986 ipsa,
1280 918 1335 970 in
1369 917 1556 985 quibus
1591 918 1856 971 incensum
1889 918 2013 972 inli-

148 1005 250 1059 cite
274 1005 442 1058 fuerat
467 1005 717 1070 oblatum,
761 1021 824 1058 ne
858 1004 913 1057 in
949 1019 1101 1058 usum
1138 1005 1201 1058 de
1237 1004 1403 1057 cetero
1440 1005 1610 1057 essent
1645 1004 2010 1068 sacerdotibus,

7 1127 9 1130 .
31 1079 54 1150 ff
141 1091 230 1145 sed
253 1090 425 1159 potius
450 1090 821 1160 indignationis
841 1091 893 1143 et
912 1089 1125 1142 ultionis
1145 1088 1349 1142 diuinae
1367 1089 1673 1142 memoriam
1694 1088 2010 1158 corrigendis

88 1199 132 1232 ιο
146 1177 364 1244 posteris
399 1176 711 1241 exhiberent,
752 1176 896 1228 iussu
931 1176 1143 1228 Domini
1179 1174 1396 1229 conflata
1430 1175 1595 1242 adque
1629 1175 1748 1243 igne
1792 1176 2014 1244 purgata

19 1259 28 1272 “’
145 1262 199 1315 in
223 1262 446 1316 laminas
481 1261 700 1315 ductiles
732 1262 1086 1328 producuntur
1121 1261 1173 1314 et
1208 1260 1507 1330 adfiguntur
1546 1260 1699 1313 altari
1733 1261 2015 1314 secundum

22 1358 50 1413 f
144 1348 280 1415 quod
329 1348 559 1415 loquitur
607 1347 862 1415 scriptura
907 1346 1101 1400 diuina.
1164 1346 1557 1410 memoriale,
1608 1346 1792 1413 inquit,
1839 1345 2014 1398 filiis

44 1431 46 1434 ’
143 1433 354 1487 Israel
415 1434 483 1486 ut
542 1448 662 1486 non
722 1433 993 1486 accedat
1062 1433 1398 1500 quisquam
1469 1431 1841 1500 alienigena
1902 1431 2014 1498 q„ui

30 1512 34 1522 ’
148 1533 271 1573 non
309 1520 511 1572 estex
560 1518 799 1572 semine
849 1518 1069 1571 Aaron
1118 1518 1425 1585 inponere
1476 1518 1814 1571 incensum
1865 1518 2014 1570 ante

89 1605 488 1659 15Dominum
526 1605 594 1657 ut
629 1618 748 1658 non
785 1604 874 1658 sit
910 1604 1091 1657 sicut
1131 1602 1302 1657 Core.
1355 1605 1407 1656 et
1443 1605 1619 1657 tamen
1662 1603 1747 1655 illi
1791 1603 2014 1656 schisma

4 1718 18 1746 a
37 1691 63 1766 Α,
143 1706 244 1744 non
278 1691 502 1744 fecerant
538 1707 630 1744 nec
665 1690 802 1744 foras
828 1690 1020 1758 egressi
1048 1690 1225 1743 contra
1250 1690 1346 1742 Dei
1386 1689 1671 1742 sacerdotes
1706 1689 2014 1756 inpudenter

150 1777 315 1844 adque
339 1777 599 1830 hostiliter
623 1775 1017 1840 rebellauerant,
1056 1775 1190 1843 quod
1226 1792 1361 1829 nunc
1398 1775 1455 1827 hi
1481 1775 1750 1828 ecclesiam
1776 1774 2012 1828 scinden-

142 1864 221 1916 tes
248 1864 300 1916 et
326 1863 501 1916 contra
535 1877 712 1929 pacem
739 1862 902 1929 adque
937 1861 1194 1914 unitatem
1230 1860 1422 1914 Christi
1458 1861 1674 1914 rebelles
1712 1860 2012 1914 cathedram

31 1999 33 2003 ,
145 1947 246 2001 sibi
272 1947 579 2001 constituere
606 1948 657 2000 et
680 1947 964 2014 primatum
992 1947 1260 1999 adsumere
1287 1947 1339 1999 et
1362 1946 1662 2015 baptizandi
1688 1947 1852 2013 adque
1889 1945 2013 1999 offe-

87 2050 134 2084 πο
150 2033 295 2087 rendi
342 2033 607 2086 licentiam
665 2032 927 2103 uindicare
976 2032 1239 2085 conantur.
1291 2033 1542 2099 quomodo
1591 2032 1831 2099 perficere
1881 2047 2011 2099 quae

147 2121 311 2188 agunt
337 2121 427 2172 aut
451 2119 730 2186 impetrare
766 2118 965 2185 aliquid
1000 2118 1222 2170 inlicitis
1259 2117 1524 2170 conatibus
1561 2119 1623 2170 de
1659 2119 1766 2171 Deo
1801 2117 2015 2184 possunt

146 2206 235 2273 qui
259 2206 435 2258 contra
459 2205 627 2257 Deum
655 2205 790 2272 quod
816 2203 890 2257 eis
915 2218 1014 2256 non
1039 2203 1163 2255 licet
1188 2203 1516 2256 moliuntur?
1543 2219 1698 2270 quare
1724 2203 1812 2270 qui
1838 2203 2014 2256 Noua-

144 2291 286 2344 tiano
323 2291 432 2343 siue
471 2290 649 2342 ceteris
705 2289 958 2343 eiusmodi
1002 2288 1345 2342 schismaticis
1389 2289 1776 2355 patrocinantur
1819 2288 2012 2341 frustra

9 2441 12 2447 ⁴
146 2376 457 2430 contendunt
474 2376 727 2445 baptizari
746 2376 798 2428 et
819 2374 1128 2428 sanctificari
1148 2374 1258 2427 illic
1278 2374 1503 2441 aliquem
1524 2374 1739 2427 salutari
1756 2374 2012 2442 baptismo

19 2479 21 2482 ⁴
85 2479 131 2512 25
147 2477 293 2531 posse
317 2463 408 2516 ubi
434 2463 631 2515 constet
655 2461 1003 2530 baptizantem
1040 2460 1336 2527 baptizandi
1375 2460 1640 2513 licentiam
1678 2476 1778 2513 non
1812 2459 2011 2518 habere,

316 2618 371 2662 12
400 2618 531 2661 Num.
566 2617 634 2670 16,
665 2617 736 2660 40.

232 2762 257 2804 1
279 2760 399 2817 quia]
421 2749 508 2817 quo
523 2759 561 2804 S
718 2759 746 2802 2
767 2759 868 2815 qui*
888 2759 944 2811 L,
968 2759 1074 2814 quia
1097 2758 1153 2816 0¹
1167 2758 1204 2804 S
1221 2758 1319 2815 (qui
1339 2758 1399 2802 M
1405 2758 1488 2815 Q2)
1543 2763 1548 2768 ’
1647 2759 1675 2801 3
1696 2758 1900 2814 dignatio
1923 2757 1961 2803 S

145 2832 314 2876 domini
333 2832 390 2884 L,
411 2831 483 2875 dei
505 2832 597 2887 atq.
621 2830 669 2883 S,
690 2843 773 2874 om.
802 2829 975 2887 OPQV
1204 2831 1486 2886 perceperant
1508 2829 1545 2873 S
1785 2830 1813 2874 6
1834 2829 2013 2873 diuinae

147 2916 229 2947 om.
255 2902 290 2947 S
478 2902 503 2946 7
524 2902 758 2946 thuribula
778 2901 904 2959 PQS
1091 2901 1204 2958 ipsa]
1226 2901 1310 2944 illa
1337 2901 1374 2945 Ο
1563 2901 1609 2943 in
1631 2900 1792 2956 quibus
1816 2914 1899 2945 om.
1923 2900 1961 2944 S

142 2974 173 3017 8
193 2987 321 3017 usum
343 2973 426 3026 OS,
448 2987 531 3022 usu
552 2973 711 3030 LPQv
947 2973 974 3016 9
995 2974 1041 3016 et
1062 2973 1246 3016 ultionis
1266 2985 1347 3016 om.
1373 2971 1411 3016 S
1635 2972 1900 3029 corrigentis
1923 2971 1962 3016 S

146 3044 203 3089 10
222 3044 447 3088 exiberent
464 3045 503 3089 S
678 3045 731 3088 11
752 3044 990 3088 lamminas
1011 3043 1179 3101 L²PQ,
1200 3043 1448 3087 flamminas
1469 3043 1533 3087 L¹
1713 3044 1760 3086 et
1779 3042 2014 3099 adfffigun-

145 3117 221 3159 tur
242 3116 286 3160 L
305 3115 341 3172 (l
360 3116 506 3173 eras),
529 3129 610 3160 om.
635 3115 673 3160 S
859 3115 916 3158 12
935 3116 981 3158 et
999 3115 1201 3170 loquitur
1228 3115 1266 3160 Ο
1449 3114 1503 3157 13
1525 3115 1591 3171 ut]
1615 3116 1660 3157 et
1681 3113 1720 3158 S
1895 3126 2012 3158 rece-

145 3186 225 3230 dat
245 3186 283 3231 S
479 3185 536 3230 15
554 3175 628 3230 dm
652 3186 690 3231 S
856 3186 919 3229 sit
939 3199 1020 3229 om.
1045 3185 1083 3230 Ο
1253 3186 1369 3229 sicut
1388 3199 1442 3229 eoe
1463 3186 1527 3228 sic
1547 3185 1591 3228 L
1763 3185 1895 3229 chore
1923 3185 2013 3240 Ov‚·

146 3259 330 3317 pereant
350 3257 454 3302 add.
483 3258 520 3302 Ο
537 3271 572 3301 3.
593 3258 622 3302 l,
740 3258 827 3302 sibi
849 3257 1040 3301 schisma
1066 3258 1103 3302 G
1225 3257 1279 3301 16
1301 3256 1540 3300 sacerdotis
1563 3256 1601 3300 S
1711 3256 1764 3299 17
1786 3255 2012 3299 reuelaue-

147 3331 252 3373 rant
275 3329 363 3387 QS,
382 3328 713 3373 rebellauerant
731 3329 777 3374 L
919 3329 988 3372 hii
1010 3329 1054 3373 L
1074 3334 1107 3372 ε.
1130 3330 1158 3373 l.
1313 3328 1371 3371 20
1391 3328 1518 3384 quae]
1543 3327 1658 3383 quod
1686 3327 1724 3372 Ο
1868 3327 1924 3370 21
1945 3327 2013 3370 in-

145 3399 296 3445 licitos
319 3400 356 3446 S
553 3400 815 3445 conantibus
839 3400 908 3459 ρῑ-
925 3401 1174 3457 (conatibus
1194 3401 1256 3445 M
1259 3399 1342 3457 0²)
1548 3399 1605 3442 22
1625 3398 1892 3442 nouatianus
1912 3398 1958 3442 L

146 3470 204 3514 23
224 3471 318 3515 siue
340 3485 420 3516 om.
449 3471 487 3516 0
663 3474 830 3516 ceteros
852 3472 897 3525 S,
921 3472 1164 3528 ceterisque
1191 3472 1230 3517 0
1398 3469 1705 3514 schismaticos
1727 3469 1767 3514 S
1769 3486 1786 3525 ;
1806 3469 1911 3523 fort.
1935 3468 2015 3526 qui

148 3541 424 3586 Nouatianos
446 3543 539 3586 siue
561 3544 728 3587 ceteros
750 3557 785 3587 e.
808 3543 1117 3587 schismaticos
1139 3543 1217 3598 (cf.
1239 3542 1359 3598 App.
1383 3541 1539 3597 54,12)
1706 3540 1764 3584 24
1784 3541 1829 3583 et
1850 3540 2015 3585 sancti-

147 3611 270 3656 ficari
290 3627 371 3658 om.
395 3613 433 3657 S
600 3614 793 3658 salutare
815 3614 854 3659 S
1019 3614 1075 3658 25
1094 3626 1222 3670 posse
1241 3614 1286 3657 et
1307 3612 1354 3667 S,
1375 3612 1517 3669 possit
1543 3611 1592 3664 Ο,
1612 3612 1760 3668 potest
1781 3611 1825 3655 L
