2332 3978
360 315 463 369 758
790 278 792 280 Ι
863 328 864 331 ’
1024 283 1268 360 Caecilii
1298 314 1563 372 Cypriani

306 445 340 496 ⁹
429 443 613 512 Adque
647 445 706 497 ut
741 443 908 513 magis
961 443 1195 513 intellegi
1232 443 1404 512 posset
1447 444 1624 497 contra
1668 445 1919 498 eiusmodi
1962 444 2230 499 audaciam
2299 450 2306 458 ”

356 544 486 596 quae
531 529 601 582 sit
642 545 852 582 censura
888 529 1081 594 diuina,
1121 530 1414 583 inuenimus
1449 530 1504 582 in
1539 529 1633 582 tali
1668 530 1891 584 facinore
1925 547 2025 584 non
2061 531 2228 585 solum

355 615 508 668 duces
551 616 603 668 et
638 617 869 669 auctores
914 617 1002 669 sed
1038 616 1090 669 et
1126 615 1400 684 participes
1440 611 1618 684 poenis
1661 616 1936 680 destinari,
1973 616 2075 668 nisi
2110 633 2163 669 se
2197 631 2229 670 a
2321 635 2332 685 ‘E

359 702 715 754 communione
757 702 1016 754 malorum
1060 701 1412 768 separauerint
1433 742 1445 766 ‚
1490 701 1837 769 praecipiente
1884 717 1974 769 per
2014 702 2226 771 Moysen
2320 690 2332 714 ²

351 787 573 840 Domino
625 788 676 839 et
723 787 948 840 dicente:
1007 786 1399 854 separamini
1447 803 1477 839 a
1525 786 1969 840 tabernaculis
2023 787 2260 840 homi-5
2327 814 2332 820 ·

351 890 495 926 num
550 873 829 926 istorum
886 872 1391 926 durissimorum
1449 873 1508 925 et
1561 873 1770 925 nolite
1827 874 2098 942 tangere
2149 874 2222 926 ab

351 959 645 1012 omnibus
699 975 857 1026 quae
906 960 1058 1011 sunt
1106 959 1222 1023 010,
1281 975 1353 1012 110
1402 959 1606 1012 01111111
1653 960 1943 1026 pereatis
1989 959 2052 1011 in
2089 974 2227 1027 pec-

354 1047 498 1098 cato
538 1059 767 1097 eorum.
806 1046 857 1097 et
895 1045 1029 1111 quod
1069 1045 1410 1097 comminatus
1448 1045 1789 1113 per‘Moysen
1840 1045 2094 1098 Dominus
2140 1043 2225 1098 fu-

357 1132 468 1184 erat
492 1131 751 1198 impleuit‚
792 1130 851 1182 ut
877 1131 1091 1198 quisque
1118 1146 1170 1183 se
1197 1148 1226 1184 a
1254 1130 1380 1183 Core
1406 1132 1457 1183 et
1482 1131 1690 1183 Dathan
1716 1132 1766 1182 et
1792 1129 1990 1182 Abiron
2016 1146 2118 1184 non
2144 1146 2224 1184 se-

351 1219 580 1284 parasset
616 1231 801 1284 poenas
838 1217 1019 1268 statim
1059 1233 1150 1284 pro
1187 1217 1349 1284 impia
1385 1216 1741 1269 communione
1766 1216 2093 1283 persolueret.
2123 1231 2222 1284 quo
2243 1237 2288 1268 ιο

353 1303 584 1370 exemplo
611 1303 906 1355 ostenditur
932 1304 982 1355 et
1009 1304 1254 1369 probatur
1281 1303 1521 1356 obnoxios
1547 1319 1721 1356 omnes
1748 1304 1799 1355 et
1825 1303 2001 1370 culpae
2029 1304 2079 1355 et
2103 1318 2225 1370 poe-

349 1406 444 1442 nae
472 1389 673 1441 futuros
701 1389 789 1457 qui
817 1405 870 1441 se
898 1389 1242 1442 schismaticis
1283 1390 1459 1441 contra
1495 1389 1811 1457 praepositos
1854 1391 1905 1442 et
1942 1389 2225 1443 sacerdotes

348 1475 646 1543 inreligiosa
671 1475 966 1528 temeritate
1004 1476 1339 1528 miscuerunt.
1381 1475 1516 1528 sicut
1550 1475 1709 1527 etiam
1737 1491 1827 1541 per
1853 1473 1980 1527 Osee
2006 1476 2222 1543 prophe-

351 1564 460 1614 tam
490 1562 703 1629 spiritus
732 1563 940 1614 sanctus
980 1562 1299 1614 contestatur
1339 1562 1389 1613 et
1427 1561 1586 1614 dicit:
1627 1560 1973 1613 sacrificia
2013 1576 2224 1613 eorum

347 1649 674 1714 tamquam
735 1647 921 1715 panis
986 1648 1227 1712 luctus,
1294 1663 1507 1700 omnes
1565 1647 1670 1714 qui
1725 1648 2104 1699 manducant
2160 1662 2287 1699 eam

351 1750 377 1786 c
391 1733 679 1786 ontamin
693 1734 993 1797 abuntur‚
1041 1735 1223 1787 docens
1245 1734 1442 1786 scilicet
1463 1735 1514 1786 01
1537 1734 1806 1786 ostendens
1828 1748 2000 1786 omnes
2020 1733 2226 1786 omnino

351 1837 468 1872 cum
514 1819 806 1872 auctoribus
856 1820 1107 1888 supplicio
1154 1820 1394 1889 coniungi
1442 1820 1530 1886 qui
1566 1820 1758 1872 fuerint
1795 1834 1969 1871 eorum
2014 1820 2220 1886 peccato

350 1906 702 1958 contaminati.

266 1993 329 2045 10
423 1990 558 2055 Quae
600 2007 717 2061 ergo
755 1993 890 2059 apud
928 2007 1011 2045 eos
1045 1991 1234 2044 merita
1273 2008 1381 2044 0000
1417 1991 1549 2043 01100
1574 1991 1740 2043 1)011111
1779 1991 1992 2057 possunt
2028 1991 2215 2057 quibus

351 2077 601 2144 supplicia
641 2078 894 2130 diuinitus
931 2078 1269 2147 inrogantur?
1305 2078 1394 2130 aut
1421 2077 1672 2144 quomodo
1698 2077 1827 2130 tales
1855 2076 2134 2129 iustificare
2161 2079 2212 2130 et
2230 2095 2273 2127 20

350 2163 668 2216 sanctificare
703 2164 991 2231 baptizatos
1027 2164 1242 2230 possunt
1277 2163 1366 2230 qui
1404 2164 1576 2216 hostes
1613 2163 1932 2216 sacerdotum
1976 2162 2143 2215 aliena
2169 2164 2220 2215 et

346 2249 550 2302 inlicita
595 2250 646 2301 et
686 2250 829 2302 nullo
875 2250 975 2302 sibi
1019 2250 1128 2302 iure
1181 2264 1415 2303 concessa
1465 2265 1711 2316 usurpare
1761 2251 2044 2302 conantur?
2097 2265 2221 2316 quos

346 2337 520 2387 tamen
546 2335 683 2403 ipsos
710 2351 809 2388 non
837 2337 1088 2388 miramur
1115 2351 1205 2403 pro
1233 2351 1325 2388 sua
1351 2336 1609 2404 prauitate
1637 2336 1952 2388 contendere.
1977 2336 2217 2388 adserant

348 2436 551 2474 necesse
593 2423 671 2475 est
698 2422 890 2491 singuli
917 2422 1106 2488 quique
1144 2422 1279 2488 quod
1314 2421 1523 2484 faciant,
1563 2436 1653 2472 nec
1687 2420 1870 2472 uolunt
1905 2420 2033 2473 uicti
2070 2420 2221 2473 facile
2252 2435 2254 2437 ’

514 2578 541 2621 5
572 2577 702 2621 Num.
738 2579 806 2632 16,
838 2578 909 2624 26.
1031 2578 1084 2621 14
1115 2576 1186 2620 00.
1220 2579 1259 2630 9,
1290 2578 1332 2621 4.

430 2720 453 2761 1
477 2720 544 2775 111]
569 2734 654 2774 quo
683 2721 720 2765 Ο
738 2733 772 2764 3.
798 2721 822 2763 l.
1049 2720 1294 2776 audaciam]
1320 2720 1461 2763 aciam
1488 2719 1530 2771 S,
1554 2718 1783 2763 licentiam
1805 2719 1850 2761 et
1871 2717 2099 2761 audaciam
2127 2718 2164 2774 Q

342 2791 368 2833 2
392 2790 589 2834 facinora
610 2792 653 2834 L
806 2792 835 2834 4
855 2805 930 2846 per
952 2805 1033 2835 om.
1064 2793 1101 2837 C
1250 2804 1400 2834 mosen
1422 2791 1466 2834 L
1627 2791 1655 2832 5
1675 2776 1780 2833 dffn
1806 2789 1843 2846 Q
1986 2803 2012 2832 a
2027 2803 2106 2833 om.
2129 2789 2166 2833 S

343 2863 369 2905 6
391 2862 726 2905 durissimorum
748 2863 934 2906 istorum
959 2864 995 2907 C
1081 2864 1105 2906 7
1130 2863 1363 2906 homnibus
1392 2862 1440 2914 C,
1461 2862 1716 2905 hominibus
1740 2861 1776 2905 S
1860 2860 2052 2917 peccatis
2082 2861 2167 2905 CV

341 2935 368 2976 8
390 2934 706 2977 comminaturs
731 2934 768 2978 S
993 2936 1018 2978 9
1042 2936 1243 2991 quisquis
1264 2950 1290 2980 v
1515 2933 1640 2976 coreb
1665 2933 1699 2976 S
1919 2931 2101 2975 datham
2127 2931 2163 2976 S

343 3004 399 3047 10
419 3006 464 3048 et
483 3018 645 3061 poenas
669 2992 707 3049 ‘S
957 3006 1116 3062 impia]
1138 3006 1442 3050 coniuratione
1463 3007 1509 3048 et
1529 3004 1636 3048 add.
1666 3004 1703 3048 Ο
1956 3003 2070 3059 quod
2098 3003 2135 3048 G
2143 3009 2151 3031 ¹

343 3076 395 3118 11
418 3076 570 3119 noxios
593 3077 628 3121 S
857 3089 1006 3120 omnes
1028 3079 1089 3133 et]
1114 3068 1168 3122 do
1192 3092 1236 3121 se
1260 3079 1297 3122 Ο
1315 3067 1342 3120 (ἶ
1359 3078 1412 3120 in
1433 3090 1523 3120 ras.
1772 3075 1825 3118 12
1847 3075 2147 3131 praepositum
2171 3076 2220 3118 et

343 3147 610 3191 sacerdotem
632 3147 703 3191 dei
731 3149 768 3192 G
1005 3149 1059 3192 13
1081 3149 1311 3193 miscuerit
1339 3149 1386 3201 C,
1408 3147 1668 3192 miscuerint
1688 3161 1714 3191 v
1933 3147 2104 3202 profeta
2127 3145 2164 3190 S

342 3219 397 3262 14
419 3221 597 3262 sanctus
619 3233 700 3263 om.
728 3220 763 3263 S
909 3220 1029 3264 dicat
1050 3221 1111 3263 M
1129 3221 1259 3276 (dicit
1288 3221 1342 3277 Q)
1506 3219 1560 3263 15
1582 3219 1648 3275 ea]
1672 3232 1721 3262 ea
1741 3231 1827 3261 non
1855 3218 1892 3263 G
2043 3219 2098 3262 16
2118 3231 2218 3262 con-

340 3290 551 3333 taminati
567 3291 624 3342 L,
649 3304 747 3345 eoep.
770 3305 825 3334 m.
847 3293 879 3334 2
1052 3305 1202 3334 omnes
1224 3305 1304 3335 om.
1331 3291 1370 3335 S
1546 3291 1598 3333 17
1623 3278 1850 3346 coniungi]
1874 3289 2095 3345 conpungi
2123 3289 2176 3334 Ο·

339 3362 521 3405 fuerunt
551 3363 602 3407 0¹
841 3363 1008 3419 eorum]
1037 3362 1233 3405 omnium
1256 3363 1294 3407 S
1520 3361 1577 3405 20
1598 3359 1811 3417 quomodo
1833 3373 1891 3404 ex
1911 3373 1940 3416 q
1960 3360 2091 3403 homo
2123 3360 2162 3405 Ο

339 3435 384 3476 et
404 3434 680 3477 sanctificare
702 3447 783 3477 om.
814 3434 857 3477 V
981 3434 1035 3477 21
1058 3434 1207 3477 hostes
1230 3448 1329 3491 exp.
1353 3434 1410 3487 L,
1430 3432 1602 3477 hostias
1630 3432 1668 3477 Ο
1686 3431 1702 3474 1
1723 3445 1756 3475 s.
1780 3431 1808 3475 l.
1925 3434 1970 3474 et
1991 3431 2137 3475 aliena
2158 3431 2218 3474 Μ

340 3504 501 3559 (aliena
528 3505 581 3562 Q)
711 3506 768 3549 22
789 3506 887 3549 iura
911 3506 955 3549 P
1079 3505 1134 3549 23
1158 3505 1379 3563 adserant]
1401 3504 1521 3549 enim
1542 3503 1649 3548 add.
1679 3502 1787 3548 CVv
1901 3503 1958 3546 24
1977 3502 2145 3545 faciant
2167 3501 2216 3555 S,

336 3574 511 3619 faciunt
539 3577 666 3621 CLP
673 3576 708 3632 Q
719 3577 759 3620 V
