2332 3978
337 325 442 379 292
985 318 1225 366 Caecilii
1256 316 1525 374 Cypriani

338 449 748 506 sacrificium
800 450 1136 517 acceptum
1184 450 1244 502 et
1291 448 1610 515 placitum
1647 448 1790 501 Deo,
1847 465 1970 503 nam
2011 452 2219 519 quando
2290 499 2292 502 ,

337 540 425 608 qui
467 537 741 593 miseretur
779 536 1018 605 pauperi,
1058 537 1165 589 Deo
1210 535 1438 589 faenerat
1480 534 1532 589 et
1574 534 1663 603 qui
1707 535 1797 588 dat
1842 536 2073 591 minimis
2102 539 2208 593 Deo

335 626 517 690 donat,
558 624 865 691 spiritaliter
889 623 997 676 Deo
1020 622 1297 676 suauitatis
1324 621 1500 674 odores
1527 621 1797 675 sacrificat.

247 710 313 761 34
405 711 466 764 In
492 709 807 763 orationibus
833 724 952 762 uero
980 707 1294 761 celebrandis
1321 708 1615 762 inuenimus
1642 708 1936 763 obseruasse
1962 725 2080 765 cum
2105 712 2211 764 Da—

332 799 464 852 niele
490 799 595 850 tres
633 811 813 865 pueros
850 796 904 848 in
941 796 1039 849 fide
1077 794 1236 849 fortes
1275 794 1326 847 et
1362 794 1415 846 in
1455 794 1758 862 captiuitate
1784 796 2006 850 uictores
2031 798 2206 850 horam
2246 818 2273 851 ε»

331 884 540 938 tertiam
567 884 761 937 sextam
788 898 974 934 nonam
1001 881 1314 933 sacramento
1341 879 1538 933 scilicet
1572 881 1827 935 trinitatis
1867 898 1995 949 quae
2029 883 2083 936 in
2119 899 2210 936 no-

332 970 560 1025 uissimis
599 969 914 1036 temporibus
953 966 1273 1020 manifestari
1312 966 1549 1019 habebat.
1590 983 1713 1020 nam
1738 969 1789 1021 et
1815 969 1983 1035 prima
2008 970 2132 1023 hora
2156 971 2210 1023 in

330 1058 540 1111 tertiam
560 1056 766 1110 ueniens
786 1056 1196 1109 consummatum
1222 1070 1494 1107 numerum
1513 1054 1765 1108 trinitatis
1786 1057 2024 1122 ostendit,
2053 1058 2209 1111 item·

331 1161 427 1213 que
462 1145 526 1198 ad
566 1146 762 1196 sextam
787 1143 971 1210 quarta
995 1142 1269 1208 procedens
1297 1142 1523 1195 declarat
1549 1142 1769 1195 alteram
1795 1143 2116 1209 trinitatem,
2158 1147 2209 1198 et

329 1232 527 1300 quando
554 1246 583 1282 a
608 1230 829 1298 septima
853 1244 984 1281 nona
1010 1229 1297 1296 conpletur,
1337 1245 1427 1295 per
1464 1229 1633 1282 ternas
1671 1230 1821 1284 horas
1859 1230 2067 1284 trinitas
2091 1247 2207 1299 per·
2226 1250 2275 1282 lo
2314 1236 2332 1309 ἐξ

328 1317 459 1371 fecta
482 1318 793 1369 numeratur.
822 1331 948 1383 quae
975 1315 1217 1368 horarum
1243 1315 1410 1382 spatia
1433 1315 1539 1369 iam
1558 1316 1760 1383 pridem
1787 1317 2092 1384 spiritaliter
2117 1319 2205 1372 de·
2315 1303 2332 1330 ‘⁵

327 1403 658 1457 terminantes
698 1403 985 1455 adoratores
1024 1403 1121 1455 Dei
1159 1403 1371 1455 statutis
1399 1404 1451 1455 et
1476 1402 1727 1472 legitimis
1754 1404 1818 1456 ad
1844 1420 2045 1472 precem
2070 1407 2205 1459 tem-

324 1490 532 1557 poribus
559 1489 864 1542 seruiebant.
905 1491 955 1542 et
981 1489 1315 1542 manifestata
1334 1491 1664 1556 postmodum
1685 1507 1764 1544 res
1789 1494 1867 1545 est
1889 1493 2206 1545 sacramenta

324 1577 448 1629 olim
475 1576 658 1640 fuisse,
699 1577 832 1643 quod
858 1577 974 1629 ante
1001 1576 1074 1629 sic
1118 1576 1244 1628 iusti
1288 1577 1641 1643 precabantur.
1692 1595 1813 1631 nam
1855 1594 2004 1646 super
2049 1580 2204 1633 disci-

323 1663 469 1730 pulos
507 1664 629 1715 hora
666 1664 821 1716 tertia
860 1663 1120 1719 descendit
1159 1662 1383 1731 Spiritus
1424 1664 1630 1717 sanctus
1658 1665 1746 1732 qui
1773 1666 1999 1733 gratiam
2028 1667 2267 1720 domi-1⁵

323 1750 464 1802 nicae
491 1748 841 1816 promissionis
868 1747 1100 1815 inpleuit.
1142 1747 1269 1799 item
1290 1748 1475 1800 Petrus
1495 1749 1620 1801 hora
1647 1751 1788 1802 sexta
1814 1749 1867 1802 in
1893 1752 2089 1804 tectum
2117 1768 2203 1805 su-

324 1835 494 1903 perius
540 1836 810 1887 ascendens
858 1835 1001 1904 signo
1047 1835 1238 1902 pariter
1277 1836 1328 1888 et
1362 1850 1484 1888 uoce
1510 1836 1608 1889 Dei
1635 1837 1891 1889 monentis
1919 1837 2202 1892 instructus

325 1923 427 1985 est,
468 1923 526 1974 ut
554 1935 728 1974 omnes
755 1921 818 1973 ad
844 1922 1066 1990 gratiam
1103 1922 1286 1974 salutis
1322 1921 1646 1987 admitteret,
1689 1939 1806 1976 cum
1833 1923 1893 1976 de
1921 1925 2203 1977 emundan—

324 2008 402 2059 dis
431 2008 669 2075 gentibus
695 2008 811 2060 ante
838 2008 1113 2060 dubitaret.
1154 2009 1205 2060 et
1240 2008 1492 2060 Dominus
1518 2009 1643 2062 hora
1670 2011 1812 2063 sexta
1839 2011 2110 2065 crucifixus
2137 2012 2203 2065 ad

322 2109 507 2146 nonam
532 2095 739 2161 peccata
763 2095 935 2147 nostra
962 2095 1206 2162 sanguine
1233 2111 1323 2148 suo
1362 2095 1530 2148 abluit
1556 2097 1606 2148 et
1632 2097 1691 2169 ut
1719 2097 1969 2151 redimere
1992 2099 2042 2151 et
2062 2099 2200 2151 uiui·
2217 2119 2264 2151 20

323 2180 471 2233 ficare
497 2196 586 2233 nos
612 2182 806 2249 posset,
848 2182 971 2234 tunc
997 2181 1271 2234 uictoriam
1298 2197 1390 2235 sua
1415 2183 1647 2250 passione
1673 2183 1903 2250 perfecit.

235 2277 300 2328 35
393 2266 489 2319 Sed
515 2267 687 2332 nobis,
728 2266 910 2320 fratres
938 2267 1287 2333 dilectissimi,
1338 2269 1539 2336 praeter
1583 2270 1732 2322 horas
1779 2270 2064 2337 antiquitus
2109 2271 2199 2323 ob-

320 2359 544 2406 seruatas
584 2354 757 2405 orandi
797 2370 930 2406 nunc
968 2356 1019 2407 et
1058 2356 1225 2423 spatia
1251 2357 1302 2408 et
1328 2359 1648 2410 sacramenta
1675 2359 1958 2410 creuerunt.
2001 2373 2122 2410 nam
2149 2358 2200 2409 et

317 2454 465 2492 mane
502 2441 748 2492 orandum
795 2443 896 2506 est,
938 2443 997 2494 ut
1046 2443 1350 2497 resurrectio
1401 2443 1611 2496 Domini
1662 2444 1922 2496 matutina
1972 2444 2199 2497 oratione

318 2526 614 2579 celebretur.
673 2527 807 2594 quod
843 2528 967 2581 olim
1015 2528 1235 2596 Spiritus
1283 2532 1491 2584 sanctus
1541 2531 1844 2599 designabat
1887 2530 1941 2583 in
1984 2530 2198 2598 psalmis
2215 2547 2259 2581 25

318 2614 513 2666 dicens:
554 2629 656 2665 rex
693 2630 862 2666 meus
902 2617 961 2667 et
988 2616 1158 2668 Deus
1186 2633 1385 2682 meus,
1427 2617 1720 2684 quoniam
1762 2617 1835 2670 ad
1873 2618 1934 2669 te
1972 2617 2194 2682 orabO,

318 2697 608 2764 Domine,
648 2715 849 2754 mane:
891 2702 949 2754 et
987 2703 1287 2755 exaudies
1326 2719 1542 2756 uocem
1582 2718 1802 2767 meam,
1861 2719 2037 2756 mane
2095 2702 2195 2755 ad-

486 2855 540 2898 26
572 2856 643 2901 Ps.
668 2858 706 2911 5,
730 2857 756 2901 3
779 2871 840 2915 sq.

402 2986 422 3026 1
456 2985 702 3040 placentem
720 2987 781 3031 W
866 2988 893 3030 2
915 2989 1014 3043 quis
1035 3002 1060 3032 v
1148 2990 1355 3046 pauperis
1378 2991 1467 3035 le
1557 2991 1686 3034 deum
1707 2990 1904 3034 foenerat
1930 3004 1956 3034 v
2044 2991 2071 3033 3
2092 2989 2194 3033 odo-

314 3070 382 3099 res
398 3058 448 3107 G,
473 3057 599 3100 odore
612 3058 724 3110 SW,
748 3059 923 3102 odorem
947 3075 972 3104 υ
1059 3062 1087 3104 4
1108 3061 1314 3106 danihele
1331 3063 1494 3115 W²G²‚
1518 3063 1700 3107 danihel
1718 3063 1845 3108 W¹G
1859 3063 1890 3116 ¹,
1912 3062 2060 3106 daniel
2074 3062 2112 3106 S

313 3130 339 3172 5
361 3132 406 3173 ct
427 3132 517 3173 tres
532 3129 570 3174 S
646 3131 690 3173 et
711 3143 792 3173 om.
813 3131 850 3174 S
923 3132 1030 3174 hora
1051 3134 1186 3176 tertia
1203 3136 1265 3179 W
1342 3136 1368 3183 6
1391 3138 1715 3179 sacramentum
1733 3136 1776 3180 V
1857 3136 1884 3179 8
1905 3137 2055 3179 uenies
2073 3134 2110 3178 S

311 3204 337 3244 9
368 3202 436 3258 ad]
476 3215 501 3244 a
524 3202 562 3247 S
674 3203 878 3258 quartam
908 3205 1168 3260 praecedens
1194 3207 1233 3249 G
1351 3208 1404 3250 11
1436 3208 1743 3252 determinata.
1776 3208 2042 3251 Adoratores
2068 3206 2108 3249 G

311 3275 364 3317 12
394 3273 473 3317 <leo
502 3274 610 3328 fort.
695 3275 897 3331 statutis]
931 3276 1063 3319 statis
1084 3278 1247 3323 maluit
1267 3280 1534 3337 Krabinqer
1632 3281 1691 3337 et]
1715 3279 1789 3322 sed
1811 3280 1875 3325 W
1962 3279 2015 3323 13
2046 3290 2192 3322 serua-

309 3345 418 3389 bant
433 3346 472 3388 G
547 3346 601 3390 15
621 3346 840 3391 discendit
853 3347 955 3394 SW
1029 3349 1082 3392 16
1099 3351 1449 3405 repromissionis
1466 3367 1492 3397 v
1565 3352 1828 3408 inplebitW
1898 3352 1950 3395 17
1968 3337 2076 3396 dfifi‘
2071 3351 2110 3396 S

310 3417 364 3459 19
380 3417 589 3473 gentibus
601 3418 693 3471 SV,
713 3419 958 3475 gentilibus
974 3421 1094 3465 WGv
1167 3423 1224 3466 20
1244 3424 1528 3470 uiuicareW¹
1602 3426 1656 3469 21
1679 3425 1946 3470 suamWGv
2017 3422 2195 3481 perficit

315 3488 377 3532 W
383 3489 394 3511 ¹
471 3489 527 3533 22
547 3489 843 3534 obscruandas
865 3492 928 3536 W
1004 3493 1063 3538 26
1085 3492 1276 3537 adorabo
1302 3496 1344 3539 V
1425 3497 1479 3540 27
1502 3510 1631 3541 mane
1652 3497 1778 3543 om.S
1851 3499 1897 3541 et
1917 3511 1997 3542 om.
2018 3497 2103 3542 Wv

309 3557 494 3603 adstabo
534 3560 620 3605 tibi
660 3564 705 3606 et
735 3562 892 3607 uidebo
925 3563 971 3615 S,
1006 3563 1220 3609 adsistam
1251 3566 1337 3610 tibi
1378 3571 1423 3612 et
1454 3570 1782 3626 contemplabor
1814 3570 1962 3626 WGv;
1995 3570 2052 3625 cf.
2086 3574 2185 3615 test.

310 3630 372 3673 II
382 3632 443 3674 29
465 3646 507 3686 ρ.
532 3635 592 3676 98

2301 3660 2325 3744 {5

2276 3742 2332 3978 ’ᾖ
