2332 3978
718 255 1013 312 Epistulae
1041 256 1240 301 LXXV.
1274 271 1307 302 0.
1339 258 1464 302 3-6.
1917 261 2023 315 813

157 386 348 454 scripta
383 386 556 438 uestra
591 385 961 452 rescripsimus».
1001 386 1054 439 et
1080 386 1289 453 quidem
1315 389 1568 454 quantum
1595 389 1660 442 ad
1684 389 1739 442 id
1764 390 2020 457 pertineat

151 471 287 540 quod
312 469 600 538 Stephanus
637 470 783 534 dixit,
819 470 965 537 quasi
1000 471 1218 538 apostoli
1257 486 1339 525 eos
1378 473 1466 540 qui
1492 473 1555 525 ab
1581 473 1779 526 haeresi
1804 475 2024 529 ueniunt-

149 555 399 624 baptizari
433 555 789 622 prohibuerint
815 557 867 608 et
892 556 987 609 1100
1023 556 1414 610 custodiendum
1449 559 1666 625 posteris
1691 559 2018 625 tradiderint,

149 641 446 711 plenissime
482 656 573 694 uos
610 640 944 707 respondistis
979 640 1235 693 neminem
1274 642 1384 694 tam
1419 643 1640 696 stultum
1677 659 1786 697 esse
1812 646 1900 711 qui
1926 646 2023 698 hoc

23 723 33 774 ’τ
115 744 134 776 5
151 728 321 782 credat
355 726 610 795 apostolos
646 726 934 790 tradidisse,
972 726 1172 792 quando
1208 726 1369 779 etiam
1403 727 1539 794 ipsas
1563 729 1796 782 haereses
1823 731 2021 783 constet

149 812 455 867 execrabiles
482 827 539 864 ac
565 811 890 864 detestandas
923 811 1108 877 postea,
1136 811 1392 864 extitisse:
1431 828 1549 865 cum
1576 815 1627 866 et
1651 814 1880 868 Marcion
1906 814 2025 868 Cer-

150 899 294 952 donis
331 897 614 965 discipulus
647 896 945 949 inueniatur
979 911 1089 948 sero
1123 897 1241 963 post
1277 897 1532 964 apostolos
1560 899 1752 966 etpost
1776 900 1932 969 longa
1957 900 2024 953 ab

149 983 223 1037 eis
262 983 496 1050 tempora
540 982 845 1051 sacrilegam
889 982 1136 1036 aduersus
1161 983 1330 1034 Deum
1368 983 1703 1044 traditionem
1743 984 2020 1051 induxisse,

149 1068 392 1137 Appelles
418 1082 615 1136 quoque
640 1066 991 1135 blasphemiae
1017 1067 1125 1119 01110
1152 1069 1470 1121 consentiens
1497 1069 1665 1122 multa
1691 1069 1794 1123 alia
1819 1085 1954 1123 noua
1973 1071 2026 1123 et

23 1216 25 1218 ¹
94 1174 136 1205 ιο
152 1154 391 1224 grauiora
425 1153 545 1206 fidei
580 1168 639 1206 ac
672 1152 886 1205 ueritati
919 1152 1131 1205 inimica
1167 1152 1440 1206 addiderit.
1477 1155 1565 1206 sed
1601 1156 1652 1207 et
1679 1154 1946 1208 Valentini
1974 1156 2027 1208 et

14 1221 22 1238 ¹
146 1240 394 1294 Basilidis
431 1240 635 1306 tempus
670 1237 1005 1291 manifestum
1039 1239 1132 1302 est,
1171 1239 1304 1305 quod
1334 1239 1386 1292 et
1410 1239 1511 1306 ipsi
1547 1241 1662 1306 post
1688 1241 1946 1307 apostolos
1972 1242 2024 1294 et

149 1327 266 1394 post
291 1326 499 1394 longam
524 1325 750 1378 aetatem
777 1324 1023 1377 aduersus
1049 1324 1318 1377 0001001010
1338 1325 1437 1378 Dei
1459 1326 1721 1379 sceleratis
1742 1328 2029 1381 mendaciis

151 1412 257 1466 suis
292 1411 667 1465 rebellauerint.
707 1411 899 1463 ceteros
934 1424 1132 1477 quoque
1157 1410 1441 1463 haereticos
1469 1412 1669 1465 constat
1693 1428 1878 1480 prauas
1906 1429 2027 1466 suas

151 1498 316 1552 sectas
341 1499 393 1550 et
418 1497 738 1550 inuentiones
774 1511 1055 1564 peruersas,
1092 1497 1247 1565 prout
1282 1496 1497 1564 quisque
1523 1513 1689 1551 errore
1716 1499 1901 1551 ductus
1927 1499 2024 1563 est,

91 1585 327 1654 15p08136a
351 1582 639 1636 induxisse:
667 1598 794 1650 quos
823 1597 997 1634 omnes
1021 1582 1354 1635 manifestum
1382 1584 1460 1635 est
1486 1599 1516 1636 a
1536 1584 1698 1636 semet
1723 1584 1851 1650 ipsis
1879 1584 2026 1636 dam-

149 1672 298 1723 natos
334 1685 442 1723 0000
469 1670 520 1722 et
545 1669 663 1722 ante
699 1669 837 1721 diem
871 1668 1052 1721 iudicii
1077 1668 1477 1722 inexcusabilem
1503 1670 1813 1723 sententiam
1841 1670 2026 1722 aduer-

0 1778 3 1813 ι
151 1771 266 1808 01110
303 1756 464 1808 semet
499 1755 635 1821 ipsos
674 1754 876 1808 dixisse.
918 1769 1135 1821 quorum
1173 1754 1432 1822 baptisma
1459 1755 1547 1822 qui
1574 1755 1856 1819 confirmat,
1902 1755 2026 1822 quid

151 1842 294 1894 aliud
332 1857 484 1908 quam
522 1857 641 1893 01110
675 1841 801 1907 111010
829 1855 882 1893 00
908 1839 1172 1892 adiudicat
1199 1840 1249 1891 et
1277 1856 1330 1892 00
1355 1840 1464 1907 11100
1490 1841 1793 1908 participem
1829 1840 2025 1893 talibus

153 1926 381 1980 faciendo
409 1927 746 1979 condemnat?

0 2007 6 2078 ξ
95 2030 139 2064 20
224 2014 324 2066 Eos
360 2013 533 2065 autem
569 2012 657 2080 qui
681 2013 874 2065 Romae
910 2013 1030 2065 sunt
1054 2028 1155 2065 non
1180 2028 1238 2064 ea
1263 2012 1318 2064 in
1343 2012 1582 2065 omnibus
1609 2012 1875 2065 obseruare
1902 2027 2028 2079 quae
2046 2013 2082 2063 6

0 2090 6 2095 ’
153 2099 257 2152 sint
284 2099 345 2151 ab
374 2098 571 2167 origine
603 2099 798 2151 tradita
823 2099 875 2151 et
901 2097 1094 2151 frustra
1121 2099 1469 2164 apostolorum
1498 2098 1858 2151 auctoritatem
1882 2113 2027 2164 prae-

154 2185 361 2238 tendere
397 2184 526 2238 scire
552 2184 666 2251 quis
693 2184 850 2237 etiam
876 2184 994 2236 inde
1019 2184 1205 2251 potest,
1246 2184 1380 2250 quod
1406 2185 1540 2236 circa
1567 2184 1892 2236 celebrandos
1920 2182 2028 2235 dies

154 2270 383 2323 Paschae
419 2271 471 2322 et
497 2269 633 2323 circa
663 2270 830 2322 multa
867 2270 971 2322 alia
1007 2269 1212 2322 diuinae
1247 2269 1322 2321 rei
1361 2271 1677 2322 sacramenta
1710 2269 1886 2322 uideat
1922 2284 2029 2321 esse

156 2358 293 2426 apud
313 2357 432 2410 illos
453 2357 650 2424 aliquas
670 2357 997 2409 diuersitates
1015 2371 1108 2408 000
1131 2356 1388 2408 obseruari
1415 2356 1527 2408 illic
1553 2356 1723 2408 omnia
1749 2356 2030 2423 aequaliter

97 2462 138 2495 25
155 2459 283 2511 quae
308 2434 682 2511 Hierosolymis
717 2442 1070 2507 obseruantur,
1108 2442 1388 2495 secundum
1424 2442 1558 2509 quod
1593 2443 1648 2494 in
1684 2443 1865 2495 ceteris
1902 2456 2029 2509 quo-

154 2545 252 2596 que
287 2526 529 2597 plurimis
567 2529 847 2595 prouinciis
882 2529 1052 2581 multa
1085 2543 1176 2596 pro
1212 2529 1440 2581 locorum
1477 2529 1528 2581 et
1554 2528 1822 2580 hominum
1858 2529 2032 2580 diuer-

155 2616 308 2668 sitate
348 2615 627 2678 uariantur,
670 2630 764 2667 nec
800 2615 975 2667 tamen
1010 2614 1217 2682 propter
1255 2614 1349 2666 hoc
1376 2614 1438 2665 ab
1467 2614 1708 2667 ecclesiae
1748 2614 2030 2667 catholicae

154 2716 278 2769 pace
303 2701 456 2767 atque
478 2700 678 2752 unitate
704 2700 977 2767 aliquando
1004 2699 1287 2752 discessum
1314 2700 1407 2752 est.
1436 2700 1570 2766 quod
1592 2716 1724 2752 nunc
1745 2699 2034 2766 Stephanus

156 2799 310 2839 ausus
355 2787 433 2839 est
476 2785 642 2839 facere
684 2800 926 2853 rumpens
971 2786 1218 2838 aduersus
1263 2800 1354 2837 uos
1391 2801 1585 2852 pacem,
1633 2801 1787 2852 quam
1827 2800 2030 2851 semper

100 2894 143 2926 30
157 2873 496 2924 antecessores
533 2872 641 2924 eius
668 2871 936 2924 uobiscum
963 2886 1135 2924 amore
1161 2872 1213 2923 et
1237 2871 1426 2924 honore
1453 2872 1635 2924 mutuo
1662 2870 2029 2937 custodierunt,

161 2957 327 3010 adhuc
350 2956 508 3010 etiam
533 2957 788 3009 infamans
814 2956 1032 3009 Petrum
1058 2958 1110 3010 et
1135 2956 1361 3009 Paulum
1388 2957 1561 3009 beatos
1589 2957 1859 3022 0110010100,
1886 2955 2034 3022 quasi

245 3154 273 3198 3
292 3153 574 3210 prohibuerit
594 3154 725 3198 E¹M
740 3153 1072 3211 (prohibuerint
1100 3153 1153 3211 Q)
1270 3153 1513 3197 tradiderit
1534 3154 1614 3205 13¹,
1637 3153 1918 3196 tradiderunt
1941 3151 1978 3208 Q

160 3225 190 3268 4
209 3225 480 3281 responditis
504 3224 542 3282 Q
684 3226 712 3270 5
731 3226 829 3283 ipsa
850 3226 1016 3270 heresis
1045 3225 1083 3282 Q
1224 3226 1252 3269 8
1273 3225 1491 3281 sacrilega
1515 3224 1552 3281 Q
1687 3225 1713 3267 9
1737 3223 1901 3279 apelles
1924 3223 1978 3266 Iv

162 3295 218 3340 14
237 3298 305 3339 est
326 3295 488 3353 EIQ2,
508 3298 531 3340 t
555 3296 628 3354 Q¹‚
653 3299 698 3340 ct
717 3298 780 3342 M
1013 3297 1068 3341 15
1089 3297 1352 3353 semetipsos
1373 3296 1424 3338 Ε
1649 3295 1703 3338 16
1725 3294 1933 3337 aduersus
1953 3306 1979 3336 v

160 3367 216 3411 21
239 3368 506 3411 auctoritate
531 3367 570 3425 Q
782 3369 839 3413 23
859 3369 975 3413 circa
996 3381 1080 3412 om.
1104 3369 1154 3412 E
1363 3367 1420 3411 25
1440 3366 1745 3410 hierusolimis
1766 3365 1868 3421 EQ,
1891 3365 2037 3407 ihero-

163 3438 334 3482 solimis
356 3439 392 3483 Ι
554 3439 612 3483 26
633 3439 861 3484 hominum
882 3441 996 3484 com'.
1021 3440 1264 3495 Batuzius,
1285 3438 1516 3482 nominum
1531 3437 1615 3481 EI
1619 3437 1682 3493 Qv
1852 3436 1909 3479 28
1930 3448 2038 3491 pace

121 3551 125 3554 .
165 3523 222 3554 ex
240 3510 431 3567 paschae
451 3510 509 3563 Ε,
530 3511 720 3567 paschae
745 3510 783 3568 Q
954 3512 1011 3556 29
1031 3510 1264 3555 aduersum
1286 3510 1343 3554 Ιυ
1516 3508 1571 3553 31
1593 3507 1765 3551 fumans
1792 3507 1830 3564 Q
