2332 3978
755 228 1021 285 Epistula
1050 228 1447 274 XXV.-XXV1.
1931 231 2036 286 539

589 432 1197 534 EPISTVLA
1275 441 1612 535 XXVI.

235 614 569 660 CYPRIANVS
607 614 1010 659 PRESBYTERIS
1049 613 1123 692 EJT
1160 612 1524 659 DIACONIBVS
1554 613 1890 659 FRATRIBVS
1921 615 1962 660 S.

230 774 484 827 Dominus
521 773 755 841 loquitur
793 774 846 826 et
881 771 1035 826 dicit:
1076 787 1268 840 super
1305 787 1485 839 quem
1522 772 1870 839 respiciam
1907 772 2039 826 nisi

164 875 352 928 super
397 859 707 912 humilem
757 859 819 911 et
857 859 1148 926 quietum
1187 858 1248 911 et
1285 858 1670 911 trementem
1719 873 2039 911 sermones

119 969 140 1003 ⁵
155 961 249 1000 me
263 962 291 1000 0
304 948 365 999 s?
390 945 486 999 hoc
504 960 623 998 cum
643 944 923 998 debeamus
943 958 1119 998 omnes
1146 959 1270 1013 esse,
1297 946 1422 997 tunc
1446 944 1614 1014 magis
1634 943 1932 997 huiusmodi
1957 944 2039 996 illi

155 1047 263 1086 esse
289 1032 476 1085 debent
501 1030 689 1098 quibus
717 1030 1055 1083 laborandum
1086 1031 1166 1083 est
1194 1030 1255 1082 ut
1283 1030 1401 1098 post
1425 1045 1641 1099 grauem
1674 1030 1881 1096 lapsum
1916 1044 2040 1082 uera

154 1117 467 1186 paenitentia
493 1117 545 1169 et
571 1115 873 1169 humilitate
907 1116 1023 1169 tota
1057 1115 1337 1182 promereri
1361 1110 1644 1168 Dominum
1668 1114 1884 1183 possint.
1930 1114 2037 1183 legi

154 1204 328 1257 autem
348 1203 400 1256 et
417 1201 778 1255 uniuersorum
804 1200 1153 1254 confessorum
1177 1201 1382 1254 litteras
1403 1217 1529 1269 quas
1555 1201 1831 1255 uoluerunt
1849 1216 1941 1268 per
1956 1218 2040 1255 me

152 1288 364 1359 collegis
383 1288 620 1341 omnibus
640 1287 956 1340 innotescere
976 1289 1028 1340 et
1047 1287 1113 1340 ad
1133 1302 1216 1340 eos
1234 1302 1412 1354 pacem
1433 1304 1463 1340 a
1481 1302 1536 1349 se
1556 1288 1734 1341 datam
1753 1289 2037 1356 peruenire,

97 1394 140 1428 10
153 1368 359 1443 ‘quibus
393 1374 530 1442 apud
553 1388 645 1427 nos
671 1373 804 1426 ratio
830 1372 1123 1427 constiterit
1148 1373 1274 1440 quid
1298 1374 1416 1440 post
1442 1374 1777 1427 commissum
1803 1366 2039 1443 egerint.²

28 1451 30 1454 ’
152 1450 284 1529 ’(11166
319 1476 410 1514 res
436 1475 555 1512 cum
589 1459 823 1513 omnium
847 1459 1083 1512 nostrum
1110 1458 1385 1513 consilium
1411 1460 1463 1512 et
1488 1459 1799 1512 sententiam
1825 1461 2038 1529 spectet,

136 1545 503 1616 praeiudicare
540 1560 633 1614 ego
670 1546 723 1598 et
758 1545 927 1598 solum
970 1545 1102 1598 mihi
1137 1561 1248 1599 rem
1283 1560 1610 1599 communem
1644 1546 1905 1600 uindicare
1939 1562 2040 1600 non

154 1633 331 1686 audeo,
373 1633 424 1686 et
458 1632 571 1686 ideo
606 1632 828 1686 instetur
861 1632 1074 1685 interim
1112 1631 1353 1700 epistulis
1392 1648 1520 1700 quas
1558 1632 1625 1685 ad
1659 1648 1750 1686 uos
1790 1633 2038 1700 proximis

154 1718 396 1783 feceram,
439 1711 658 1786 quarum
696 1719 989 1786 exemplum
1029 1718 1244 1786 collegis
1283 1733 1484 1786 quoque
1525 1719 1709 1772 multis
1745 1720 1851 1772 iam
1888 1719 2037 1774 misi:

90 1820 137 1853 15
155 1805 245 1873 qui
277 1804 680 1872 perscripserunt
713 1803 912 1871 placere
947 1804 1047 1857 sibi
1082 1805 1218 1872 quod
1253 1805 1534 1858 statuimus
1570 1821 1663 1859 nec
1689 1806 1753 1858 ad
1780 1821 1872 1858 uos
1898 1821 2038 1860 rece-

61 1894 68 1901 '
156 1891 384 1945 dendum
421 1907 546 1955 esse,
583 1891 741 1944 donec
775 1906 898 1960 pace
932 1891 1080 1945 nobis
1107 1907 1137 1944 a
1162 1892 1382 1945 Domino
1418 1892 1624 1945 reddita
1651 1892 1705 1945 in
1731 1909 1893 1946 unum
1920 1908 2040 1946 con-

154 1977 331 2031 uenire
366 1978 418 2030 et
455 1977 776 2046 singulorum
821 1993 1002 2031 causas
1047 1978 1340 2031 examinare
1384 1978 1659 2045 possimus
1706 1980 1795 2032 sed
1831 1980 1882 2032 et
1909 1980 2035 2046 quid

154 2062 287 2116 mihi
313 2061 588 2116 Galdonius
623 2064 824 2133 collega
848 2080 995 2117 meus
1023 2063 1291 2131 scripserit
1316 2063 1542 2131 quidque
1570 2079 1663 2134 ego
1690 2065 1737 2117 61
1764 2066 2039 2134 rescripse-

325 2248 353 2292 3
384 2248 457 2292 Es.
490 2248 559 2301 66,
591 2249 631 2292 2.

238 2419 383 2476 Epist.
399 2419 560 2470 XXVI.
572 2423 630 2452 ’-
644 2420 811 2478 Incipit
827 2420 1019 2477 epistola
1029 2420 1244 2477 Cypriani
1261 2420 1447 2476 (Incipit
1458 2422 1603 2474 EMo,
1624 2421 1742 2465 Item
1759 2422 1971 2479 Cypriani
1989 2423 2040 2479 Ι)

153 2490 210 2536 ad
245 2491 413 2543 clerum
448 2505 535 2536 non
570 2493 735 2536 temere
770 2505 921 2548 pacem
958 2492 1148 2536 dandam
1183 2491 1262 2535 ubi
1284 2494 1329 2536 et
1350 2492 1409 2549 (61
1431 2493 1510 2549 M)
1542 2492 1654 2536 dicit
1685 2493 1815 2549 (dicit
1844 2496 1889 2538 et
1914 2495 1970 2550 T)
1992 2508 2038 2539 66

154 2562 298 2606 solum
321 2563 527 2607 idoneum
547 2576 634 2607 non
657 2577 751 2607 esse
774 2564 911 2608 EIM
916 2565 994 2616 To,
1027 2564 1098 2608 Ad
1119 2564 1286 2608 clerum
1308 2577 1396 2607 non
1417 2565 1584 2608 temere
1602 2578 1756 2621 pacem
1776 2565 1969 2610 dandam
1990 2584 2036 2624 μ,

153 2647 234 2682 om.
260 2652 310 2678 ω.
333 2660 388 2667 ——
408 2635 436 2680 3
457 2637 511 2683 et,
524 2648 605 2680 om.
637 2637 679 2678 T
830 2635 861 2685 4
881 2636 1079 2692 quietem
1099 2635 1230 2680 E¹M
1233 2638 1274 2679 T
1413 2638 1661 2680 trementes
1686 2639 1727 2680 T
1839 2639 1910 2710 j
1929 2640 2038 2683 tunc

128 2765 130 2769 ,
150 2706 296 2763 magis
317 2706 444 2751 modo
466 2724 512 2765 μ,
534 2709 642 2752 tunc
662 2707 790 2752 modo
818 2707 897 2760 Vv,
920 2721 1003 2754 om.
1024 2708 1227 2754 ΕΙΜοω
1351 2709 1378 2752 6
1400 2709 1470 2751 est
1489 2721 1572 2752 om.
1602 2709 1643 2752 T
1757 2710 1781 2753 7
1804 2709 1890 2754 dno
1911 2710 1971 2754 M

149 2776 178 2820 8
217 2777 426 2822 uniuersa
466 2792 617 2824 earum
653 2796 686 2836 μ
832 2780 1133 2826 confessorum
1173 2780 1354 2827 litteras
1394 2793 1477 2824 om.
1515 2797 1547 2837 μ
1714 2782 1841 2838 quas]
1884 2795 1967 2838 que
2004 2799 2036 2839 μ

150 2862 184 2893 6.
201 2849 229 2893 Ζ.
251 2863 308 2894 m.
331 2852 365 2894 2
487 2865 564 2907 per
585 2864 642 2896 ex
659 2864 740 2908 pro
761 2852 821 2895 M
950 2853 977 2896 9
997 2853 1230 2908 perueneri
1258 2855 1299 2896 T
1427 2853 1483 2896 lo
1503 2852 1556 2896 de
1578 2853 1740 2911 quibus
1761 2854 1829 2907 lv,
1854 2853 2037 2910 quibus-

149 2918 252 2965 dam
272 2921 382 2975 MT,
406 2921 570 2977 quibus
591 2923 698 2967 dum
717 2923 885 2979 Εομω;
908 2925 967 2978 cf.
991 2925 1121 2981 epist.
1143 2927 1205 2969 23
1321 2924 1612 2969 constiterint
1639 2927 1682 2969 T
1793 2925 2035 2970 admissum

150 2993 320 3050 ΕΙμω,
349 2994 536 3039 11116611111
555 2995 640 3039 Mo
686 3003 698 3011 ’
770 2996 990 3052 elegerint
1011 3014 1043 3054 μ
1175 2997 1229 3040 11
1249 2996 1457 3042 omnibus
1486 2999 1527 3040 T
1650 2985 1729 3042 nro
1750 2998 1811 3042 M
1933 3011 2034 3041 con-

151 3064 305 3109 silium
321 3068 529 3110 nostrum
551 3083 585 3110 ω
723 3055 945 3125 exspectet
974 3069 1054 3122 Vv,
1077 3070 1249 3125 spectet
1270 3071 1316 3113 et
1336 3070 1400 3114 M
1532 3069 1587 3116 12
1608 3070 1654 3113 et
1674 3082 1757 3114 om.
1781 3086 1813 3126 μ
1950 3070 2035 3112 6011

150 3136 238 3190 οὐ,
262 3137 383 3181 601116
400 3151 493 3182 non
512 3137 648 3183 debui
669 3156 701 3196 μ
786 3187 790 3189 Δ
863 3140 918 3184 13
940 3139 1078 3186 audeo
1099 3142 1145 3184 et
1164 3140 1264 3184 ideo
1285 3142 1430 3184 stetur
1450 3156 1481 3196 μ
1502 3153 1536 3184 6.
1560 3140 1589 3184 Ζ.
1611 3153 1668 3184 m.
1690 3142 1724 3184 2
1878 3140 1934 3184 ad
1954 3154 2034 3184 uos

110 3251 114 3255 .
149 3208 362 3264 proximis
386 3210 471 3266 Τμ,
493 3209 750 3267 adproxime
770 3211 906 3264 E101‚
929 3210 986 3255 ad
1008 3223 1087 3255 uos
1108 3211 1307 3268 proxime
1328 3213 1454 3257 Μωυ
1603 3211 1660 3255 14
1680 3223 1853 3267 (1110(1116
1872 3211 2033 3259 multis

149 3277 242 3324 iam
262 3292 344 3324 om.
368 3297 401 3337 μ
547 3281 707 3326 multis
726 3295 811 3327 om.
833 3283 974 3327 ΕΙοω
1140 3284 1197 3328 15
1216 3283 1542 3340 rescripserunt
1571 3282 1637 3327 Vv
1780 3281 1838 3325 ad
1858 3282 1954 3338 uos]
1977 3282 2034 3326 ab

150 3363 199 3403 eo
218 3365 281 3407 μυ
368 3351 423 3396 16
444 3365 597 3409 pacem
611 3353 742 3399 EMc
823 3367 850 3398 a
869 3367 951 3399 om.
970 3355 1078 3400 EM
1082 3355 1148 3400 To
1234 3354 1456 3399 redditam
1472 3353 1604 3398 ΕΜο
1692 3353 1746 3397 17
1768 3366 1903 3397 causa
1919 3354 1979 3397 M

149 3433 383 3477 possumus
403 3424 472 3468 Ε*
617 3424 692 3470 66(1
713 3427 760 3470 61;
785 3425 871 3482 Τμ,
894 3425 969 3470 66(1
989 3426 1189 3474 ΕΙΜοω
1336 3425 1446 3482 (1111(1
1466 3442 1498 3481 μ
1518 3437 1553 3469 s.
1571 3424 1600 3469 l.
1623 3438 1679 3468 m.
1696 3426 1729 3468 2
1872 3424 1929 3468 18
1949 3438 2033 3482 ego

149 3505 233 3538 om.
256 3495 395 3539 ΕΙοω
