<?xml version="1.0" encoding="UTF-8"?>
<!DOCTYPE html PUBLIC "-//W3C//DTD XHTML 1.0 Transitional//EN"
    "http://www.w3.org/TR/xhtml1/DTD/xhtml1-transitional.dtd">
<html xmlns="http://www.w3.org/1999/xhtml" xml:lang="en" lang="en">
 <head>
  <title>
</title>
<meta http-equiv="Content-Type" content="text/html;charset=utf-8" />
  <meta name='ocr-system' content='tesseract 3.04.00' />
  <meta name='ocr-capabilities' content='ocr_page ocr_carea ocr_par ocr_line ocrx_word'/>
</head>
<body>
  <div class='ocr_page' id='page_1' title='image "./sthascicaecilicy03cypruoft_0255.png"; bbox 0 0 2332 3978; ppageno 0'>
   <div class='ocr_carea' id='block_1_1' title="bbox 795 238 2033 313">
    <p class='ocr_par' dir='ltr' id='par_1_1' title="bbox 795 238 2033 313">
     <span class='ocr_line' id='line_1_1' title="bbox 795 238 2033 313; baseline 0.008 -15"><span class='ocrx_word' id='word_1_1' title='bbox 795 254 870 298; x_wconf 89' lang='lat' dir='ltr'><strong>De</strong></span> <span class='ocrx_word' id='word_1_2' title='bbox 902 254 994 311; x_wconf 86' lang='lat' dir='ltr'><strong>lap</strong></span> <span class='ocrx_word' id='word_1_3' title='bbox 1007 238 1088 298; x_wconf 71' lang='lat' dir='ltr'><strong>si&#39;s</strong></span> <span class='ocrx_word' id='word_1_4' title='bbox 1119 268 1154 298; x_wconf 91' lang='grc'><strong>0.</strong></span> <span class='ocrx_word' id='word_1_5' title='bbox 1188 256 1372 300; x_wconf 84' lang='grc'>10-12,</span> <span class='ocrx_word' id='word_1_6' title='bbox 1927 259 2033 313; x_wconf 81' lang='grc'><strong>245</strong></span> 
     </span>
    </p>
   </div>
   <div class='ocr_carea' id='block_1_2' title="bbox 94 382 2124 2603">
    <p class='ocr_par' dir='ltr' id='par_1_2' title="bbox 94 382 2124 2603">
     <span class='ocr_line' id='line_1_2' title="bbox 157 382 2037 451; baseline 0.001 -13"><span class='ocrx_word' id='word_1_7' title='bbox 157 397 424 438; x_wconf 85' lang='lat' dir='ltr'><strong>saurum</strong></span> <span class='ocrx_word' id='word_1_8' title='bbox 460 383 525 436; x_wconf 91' lang='lat' dir='ltr'><strong>in</strong></span> <span class='ocrx_word' id='word_1_9' title='bbox 562 382 793 436; x_wconf 82' lang='lat' dir='ltr'><strong>caelis:</strong></span> <span class='ocrx_word' id='word_1_10' title='bbox 833 383 896 436; x_wconf 93' lang='lat' dir='ltr'><strong>et</strong></span> <span class='ocrx_word' id='word_1_11' title='bbox 931 383 1103 448; x_wconf 91' lang='lat' dir='ltr'><strong>ueni,</strong></span> <span class='ocrx_word' id='word_1_12' title='bbox 1143 398 1335 451; x_wconf 89' lang='lat' dir='ltr'><strong>seque</strong></span> <span class='ocrx_word' id='word_1_13' title='bbox 1351 401 1417 438; x_wconf 91' lang='lat' dir='ltr'><strong>re</strong></span> <span class='ocrx_word' id='word_1_14' title='bbox 1453 402 1561 439; x_wconf 88' lang='lat' dir='ltr'><strong>me.</strong></span> <span class='ocrx_word' id='word_1_15' title='bbox 1619 387 1664 440; x_wconf 93' lang='lat' dir='ltr'><strong>si</strong></span> <span class='ocrx_word' id='word_1_16' title='bbox 1708 388 1802 441; x_wconf 92' lang='lat' dir='ltr'><strong>hoc</strong></span> <span class='ocrx_word' id='word_1_17' title='bbox 1847 387 2037 440; x_wconf 89' lang='lat' dir='ltr'><strong>diuites</strong></span> 
     </span>
     <span class='ocr_line' id='line_1_3' title="bbox 159 467 2037 540; baseline 0.002 -17"><span class='ocrx_word' id='word_1_18' title='bbox 159 470 383 524; x_wconf 85' lang='lat' dir='ltr'><strong>facerent</strong></span> <span class='ocrx_word' id='word_1_19' title='bbox 398 510 410 534; x_wconf 93' lang='lat'>‚</span> <span class='ocrx_word' id='word_1_20' title='bbox 448 484 539 537; x_wconf 91' lang='lat' dir='ltr'><strong>per</strong></span> <span class='ocrx_word' id='word_1_21' title='bbox 564 467 776 522; x_wconf 89' lang='lat' dir='ltr'><strong>diuitias</strong></span> <span class='ocrx_word' id='word_1_22' title='bbox 802 484 902 522; x_wconf 94' lang='lat' dir='ltr'><strong>non</strong></span> <span class='ocrx_word' id='word_1_23' title='bbox 926 468 1178 536; x_wconf 88' lang='lat' dir='ltr'><strong>perirent,</strong></span> <span class='ocrx_word' id='word_1_24' title='bbox 1216 469 1522 523; x_wconf 90' lang='lat' dir='ltr'><strong>thesaurum</strong></span> <span class='ocrx_word' id='word_1_25' title='bbox 1546 471 1602 524; x_wconf 93' lang='lat' dir='ltr'><strong>in</strong></span> <span class='ocrx_word' id='word_1_26' title='bbox 1627 473 1767 526; x_wconf 88' lang='lat' dir='ltr'><strong>caelo</strong></span> <span class='ocrx_word' id='word_1_27' title='bbox 1793 487 2037 540; x_wconf 88' lang='lat' dir='ltr'><strong>reponen-</strong></span> 
     </span>
     <span class='ocr_line' id='line_1_4' title="bbox 158 554 2035 623; baseline 0.001 -13"><span class='ocrx_word' id='word_1_28' title='bbox 158 558 235 610; x_wconf 87' lang='lat' dir='ltr'><strong>tes</strong></span> <span class='ocrx_word' id='word_1_29' title='bbox 277 556 480 609; x_wconf 89' lang='lat' dir='ltr'><strong>hostem</strong></span> <span class='ocrx_word' id='word_1_30' title='bbox 521 569 656 607; x_wconf 90' lang='lat' dir='ltr'><strong>nunc</strong></span> <span class='ocrx_word' id='word_1_31' title='bbox 698 554 752 607; x_wconf 92' lang='lat' dir='ltr'><strong>et</strong></span> <span class='ocrx_word' id='word_1_32' title='bbox 795 555 1196 623; x_wconf 75' lang='lat' dir='ltr'><strong>expugnatorem</strong></span> <span class='ocrx_word' id='word_1_33' title='bbox 1237 554 1579 608; x_wconf 89' lang='lat' dir='ltr'><strong>domesticum</strong></span> <span class='ocrx_word' id='word_1_34' title='bbox 1621 574 1722 611; x_wconf 93' lang='lat' dir='ltr'><strong>non</strong></span> <span class='ocrx_word' id='word_1_35' title='bbox 1764 558 2035 611; x_wconf 77' lang='lat' dir='ltr'><strong>haberent:</strong></span> 
     </span>
     <span class='ocr_line' id='line_1_5' title="bbox 156 638 2035 707; baseline 0.001 -12"><span class='ocrx_word' id='word_1_36' title='bbox 156 642 290 695; x_wconf 87' lang='lat' dir='ltr'><strong>esset</strong></span> <span class='ocrx_word' id='word_1_37' title='bbox 310 640 364 693; x_wconf 92' lang='lat' dir='ltr'><strong>in</strong></span> <span class='ocrx_word' id='word_1_38' title='bbox 389 639 524 693; x_wconf 88' lang='lat' dir='ltr'><strong>caelo</strong></span> <span class='ocrx_word' id='word_1_39' title='bbox 550 654 635 692; x_wconf 91' lang='grc'><strong>001</strong></span> <span class='ocrx_word' id='word_1_40' title='bbox 660 640 711 693; x_wconf 89' lang='grc'><strong>01</strong></span> <span class='ocrx_word' id='word_1_41' title='bbox 737 638 940 692; x_wconf 90' lang='lat' dir='ltr'><strong>animus</strong></span> <span class='ocrx_word' id='word_1_42' title='bbox 967 640 1019 693; x_wconf 92' lang='lat' dir='ltr'><strong>et</strong></span> <span class='ocrx_word' id='word_1_43' title='bbox 1043 655 1220 693; x_wconf 89' lang='lat' dir='ltr'><strong>sensus</strong></span> <span class='ocrx_word' id='word_1_44' title='bbox 1234 680 1246 704; x_wconf 85' lang='lat'>‚</span> <span class='ocrx_word' id='word_1_45' title='bbox 1274 640 1319 693; x_wconf 91' lang='lat' dir='ltr'><strong>si</strong></span> <span class='ocrx_word' id='word_1_46' title='bbox 1345 641 1614 694; x_wconf 76' lang='lat' dir='ltr'><strong>thesaurus</strong></span> <span class='ocrx_word' id='word_1_47' title='bbox 1641 644 1774 696; x_wconf 89' lang='lat' dir='ltr'><strong>esset</strong></span> <span class='ocrx_word' id='word_1_48' title='bbox 1799 644 1853 696; x_wconf 94' lang='lat' dir='ltr'><strong>in</strong></span> <span class='ocrx_word' id='word_1_49' title='bbox 1880 645 2035 707; x_wconf 88' lang='lat' dir='ltr'><strong>caele,</strong></span> 
     </span>
     <span class='ocr_line' id='line_1_6' title="bbox 94 725 2039 794; baseline 0.003 -16"><span class='ocrx_word' id='word_1_50' title='bbox 94 745 116 778; x_wconf 70' lang='lat' dir='ltr'><strong>s</strong></span> <span class='ocrx_word' id='word_1_51' title='bbox 156 742 247 781; x_wconf 89' lang='grc'><strong>000</strong></span> <span class='ocrx_word' id='word_1_52' title='bbox 290 727 428 780; x_wconf 90' lang='grc'>01001</span> <span class='ocrx_word' id='word_1_53' title='bbox 473 743 504 779; x_wconf 89' lang='grc'><strong>0</strong></span> <span class='ocrx_word' id='word_1_54' title='bbox 547 725 746 779; x_wconf 91' lang='lat' dir='ltr'><strong>saeculo</strong></span> <span class='ocrx_word' id='word_1_55' title='bbox 783 726 955 794; x_wconf 88' lang='lat' dir='ltr'><strong>posset</strong></span> <span class='ocrx_word' id='word_1_56' title='bbox 989 725 1079 793; x_wconf 92' lang='lat' dir='ltr'><strong>qui</strong></span> <span class='ocrx_word' id='word_1_57' title='bbox 1114 725 1247 778; x_wconf 94' lang='lat' dir='ltr'><strong>unde</strong></span> <span class='ocrx_word' id='word_1_58' title='bbox 1273 726 1564 780; x_wconf 89' lang='lat' dir='ltr'><strong>uinceretur</strong></span> <span class='ocrx_word' id='word_1_59' title='bbox 1600 727 1656 780; x_wconf 92' lang='lat' dir='ltr'><strong>in</strong></span> <span class='ocrx_word' id='word_1_60' title='bbox 1695 729 1895 782; x_wconf 87' lang='lat' dir='ltr'><strong>saeculo</strong></span> <span class='ocrx_word' id='word_1_61' title='bbox 1939 745 2039 783; x_wconf 93' lang='lat' dir='ltr'><strong>non</strong></span> 
     </span>
     <span class='ocr_line' id='line_1_7' title="bbox 155 811 2037 881; baseline 0.001 -15"><span class='ocrx_word' id='word_1_62' title='bbox 155 812 381 866; x_wconf 90' lang='lat' dir='ltr'><strong>haberet.</strong></span> <span class='ocrx_word' id='word_1_63' title='bbox 422 812 719 878; x_wconf 85' lang='lat' dir='ltr'><strong>sequeretur</strong></span> <span class='ocrx_word' id='word_1_64' title='bbox 741 811 1024 864; x_wconf 92' lang='lat' dir='ltr'><strong>Dominum</strong></span> <span class='ocrx_word' id='word_1_65' title='bbox 1049 812 1250 865; x_wconf 91' lang='lat' dir='ltr'><strong>solutus</strong></span> <span class='ocrx_word' id='word_1_66' title='bbox 1277 812 1329 865; x_wconf 90' lang='lat' dir='ltr'><strong>et</strong></span> <span class='ocrx_word' id='word_1_67' title='bbox 1353 812 1507 877; x_wconf 89' lang='lat' dir='ltr'><strong>liber,</strong></span> <span class='ocrx_word' id='word_1_68' title='bbox 1536 814 1595 865; x_wconf 94' lang='lat' dir='ltr'><strong>ut</strong></span> <span class='ocrx_word' id='word_1_69' title='bbox 1620 814 1839 881; x_wconf 89' lang='lat' dir='ltr'><strong>apostoli</strong></span> <span class='ocrx_word' id='word_1_70' title='bbox 1865 816 1917 867; x_wconf 89' lang='lat' dir='ltr'><strong>et</strong></span> <span class='ocrx_word' id='word_1_71' title='bbox 1943 816 2037 868; x_wconf 89' lang='lat' dir='ltr'><strong>sub</strong></span> 
     </span>
     <span class='ocr_line' id='line_1_8' title="bbox 155 897 2038 967; baseline 0.001 -14"><span class='ocrx_word' id='word_1_72' title='bbox 155 897 400 967; x_wconf 88' lang='lat' dir='ltr'><strong>apostolis</strong></span> <span class='ocrx_word' id='word_1_73' title='bbox 425 897 581 950; x_wconf 90' lang='lat' dir='ltr'><strong>multi</strong></span> <span class='ocrx_word' id='word_1_74' title='bbox 607 899 660 950; x_wconf 95' lang='lat' dir='ltr'><strong>et</strong></span> <span class='ocrx_word' id='word_1_75' title='bbox 683 897 917 950; x_wconf 87' lang='lat' dir='ltr'><strong>nonnulli</strong></span> <span class='ocrx_word' id='word_1_76' title='bbox 943 912 1092 966; x_wconf 86' lang='lat' dir='ltr'><strong>saepe</strong></span> <span class='ocrx_word' id='word_1_77' title='bbox 1136 897 1368 951; x_wconf 90' lang='lat' dir='ltr'><strong>fecerunt</strong></span> <span class='ocrx_word' id='word_1_78' title='bbox 1412 899 1500 967; x_wconf 92' lang='lat' dir='ltr'><strong>qui</strong></span> <span class='ocrx_word' id='word_1_79' title='bbox 1544 900 1596 952; x_wconf 92' lang='lat' dir='ltr'><strong>et</strong></span> <span class='ocrx_word' id='word_1_80' title='bbox 1639 899 1791 952; x_wconf 90' lang='lat' dir='ltr'><strong>rebus</strong></span> <span class='ocrx_word' id='word_1_81' title='bbox 1837 902 1942 954; x_wconf 89' lang='lat' dir='ltr'><strong>suis</strong></span> <span class='ocrx_word' id='word_1_82' title='bbox 1987 902 2038 954; x_wconf 89' lang='lat' dir='ltr'><strong>et</strong></span> 
     </span>
     <span class='ocr_line' id='line_1_9' title="bbox 153 982 1892 1054; baseline 0 -16"><span class='ocrx_word' id='word_1_83' title='bbox 153 984 451 1054; x_wconf 89' lang='lat' dir='ltr'><strong>parentibus</strong></span> <span class='ocrx_word' id='word_1_84' title='bbox 478 983 737 1037; x_wconf 78' lang='lat' dir='ltr'><strong>derelictis</strong></span> <span class='ocrx_word' id='word_1_85' title='bbox 763 983 1048 1037; x_wconf 90' lang='lat' dir='ltr'><strong>indiuiduis</strong></span> <span class='ocrx_word' id='word_1_86' title='bbox 1075 982 1271 1037; x_wconf 83' lang='lat' dir='ltr'><strong>Christi</strong></span> <span class='ocrx_word' id='word_1_87' title='bbox 1296 985 1511 1037; x_wconf 83' lang='lat' dir='ltr'><strong>nexibus</strong></span> <span class='ocrx_word' id='word_1_88' title='bbox 1538 985 1892 1039; x_wconf 89' lang='lat' dir='ltr'><strong>adhaeserunt.</strong></span> 
     </span>
     <span class='ocr_line' id='line_1_10' title="bbox 227 1068 2124 1140; baseline 0.001 -17"><span class='ocrx_word' id='word_1_89' title='bbox 227 1070 379 1139; x_wconf 84' lang='lat' dir='ltr'><strong>Sequi</strong></span> <span class='ocrx_word' id='word_1_90' title='bbox 399 1071 574 1123; x_wconf 90' lang='lat' dir='ltr'><strong>autem</strong></span> <span class='ocrx_word' id='word_1_91' title='bbox 595 1068 861 1122; x_wconf 86' lang='lat' dir='ltr'><strong>Christum</strong></span> <span class='ocrx_word' id='word_1_92' title='bbox 881 1070 1132 1136; x_wconf 92' lang='lat' dir='ltr'><strong>quomodo</strong></span> <span class='ocrx_word' id='word_1_93' title='bbox 1157 1072 1371 1138; x_wconf 90' lang='lat' dir='ltr'><strong>possunt</strong></span> <span class='ocrx_word' id='word_1_94' title='bbox 1391 1071 1481 1139; x_wconf 91' lang='lat' dir='ltr'><strong>qui</strong></span> <span class='ocrx_word' id='word_1_95' title='bbox 1505 1072 1804 1140; x_wconf 83' lang='lat' dir='ltr'><strong>patrimonii</strong></span> <span class='ocrx_word' id='word_1_96' title='bbox 1830 1072 2037 1125; x_wconf 86' lang='lat' dir='ltr'><strong>uinculo</strong></span> <span class='ocrx_word' id='word_1_97' title='bbox 2062 1082 2124 1132; x_wconf 78' lang='lat'><strong>12</strong></span> 
     </span>
     <span class='ocr_line' id='line_1_11' title="bbox 96 1156 2038 1224; baseline 0.002 -18"><span class='ocrx_word' id='word_1_98' title='bbox 96 1175 139 1207; x_wconf 79' lang='grc' dir='ltr'><strong>ιο</strong></span> <span class='ocrx_word' id='word_1_99' title='bbox 158 1157 451 1211; x_wconf 86' lang='lat' dir='ltr'><strong>detinentur</strong></span> <span class='ocrx_word' id='word_1_100' title='bbox 460 1160 486 1211; x_wconf 73' lang='lat' dir='ltr'>P</span> <span class='ocrx_word' id='word_1_101' title='bbox 523 1159 615 1210; x_wconf 91' lang='lat' dir='ltr'><strong>aut</strong></span> <span class='ocrx_word' id='word_1_102' title='bbox 652 1156 903 1224; x_wconf 92' lang='lat' dir='ltr'><strong>quomodo</strong></span> <span class='ocrx_word' id='word_1_103' title='bbox 943 1156 1140 1209; x_wconf 90' lang='lat' dir='ltr'><strong>caelum</strong></span> <span class='ocrx_word' id='word_1_104' title='bbox 1177 1157 1362 1224; x_wconf 93' lang='lat' dir='ltr'><strong>petunt</strong></span> <span class='ocrx_word' id='word_1_105' title='bbox 1399 1159 1452 1210; x_wconf 92' lang='lat' dir='ltr'><strong>et</strong></span> <span class='ocrx_word' id='word_1_106' title='bbox 1490 1157 1556 1211; x_wconf 93' lang='lat' dir='ltr'><strong>ad</strong></span> <span class='ocrx_word' id='word_1_107' title='bbox 1582 1158 1828 1211; x_wconf 90' lang='lat' dir='ltr'><strong>sublimia</strong></span> <span class='ocrx_word' id='word_1_108' title='bbox 1854 1158 1905 1210; x_wconf 91' lang='lat' dir='ltr'><strong>et</strong></span> <span class='ocrx_word' id='word_1_109' title='bbox 1932 1158 2038 1211; x_wconf 90' lang='lat' dir='ltr'><strong>alta</strong></span> 
     </span>
     <span class='ocr_line' id='line_1_12' title="bbox 156 1242 2038 1312; baseline -0.001 -14"><span class='ocrx_word' id='word_1_110' title='bbox 156 1244 496 1298; x_wconf 87' lang='lat' dir='ltr'><strong>conscendunt</strong></span> <span class='ocrx_word' id='word_1_111' title='bbox 531 1243 620 1311; x_wconf 92' lang='lat' dir='ltr'><strong>qui</strong></span> <span class='ocrx_word' id='word_1_112' title='bbox 644 1243 862 1296; x_wconf 92' lang='lat' dir='ltr'><strong>terrenis</strong></span> <span class='ocrx_word' id='word_1_113' title='bbox 890 1242 1261 1310; x_wconf 81' lang='lat' dir='ltr'><strong>cupiditatibus</strong></span> <span class='ocrx_word' id='word_1_114' title='bbox 1287 1243 1632 1312; x_wconf 88' lang='lat' dir='ltr'><strong>degrauantur</strong></span> <span class='ocrx_word' id='word_1_115' title='bbox 1641 1246 1667 1296; x_wconf 73' lang='lat'><strong>⁶?</strong></span> <span class='ocrx_word' id='word_1_116' title='bbox 1704 1243 1960 1311; x_wconf 88' lang='lat' dir='ltr'><strong>possidere</strong></span> <span class='ocrx_word' id='word_1_117' title='bbox 1988 1260 2038 1297; x_wconf 90' lang='lat' dir='ltr'><strong>se</strong></span> 
     </span>
     <span class='ocr_line' id='line_1_13' title="bbox 155 1329 2039 1398; baseline -0.001 -15"><span class='ocrx_word' id='word_1_118' title='bbox 155 1331 368 1384; x_wconf 90' lang='lat' dir='ltr'><strong>credunt</strong></span> <span class='ocrx_word' id='word_1_119' title='bbox 392 1329 482 1397; x_wconf 89' lang='lat' dir='ltr'><strong>qui</strong></span> <span class='ocrx_word' id='word_1_120' title='bbox 506 1329 678 1398; x_wconf 92' lang='lat' dir='ltr'><strong>potius</strong></span> <span class='ocrx_word' id='word_1_121' title='bbox 703 1329 1042 1396; x_wconf 83' lang='lat' dir='ltr'><strong>possidentur,</strong></span> <span class='ocrx_word' id='word_1_122' title='bbox 1070 1344 1249 1382; x_wconf 88' lang='lat' dir='ltr'><strong>census</strong></span> <span class='ocrx_word' id='word_1_123' title='bbox 1285 1330 1365 1382; x_wconf 89' lang='lat' dir='ltr'><strong>sui</strong></span> <span class='ocrx_word' id='word_1_124' title='bbox 1402 1330 1538 1383; x_wconf 89' lang='lat' dir='ltr'><strong>serui</strong></span> <span class='ocrx_word' id='word_1_125' title='bbox 1563 1345 1653 1383; x_wconf 89' lang='lat' dir='ltr'><strong>nec</strong></span> <span class='ocrx_word' id='word_1_126' title='bbox 1678 1330 1743 1382; x_wconf 92' lang='lat' dir='ltr'><strong>ad</strong></span> <span class='ocrx_word' id='word_1_127' title='bbox 1768 1329 2039 1398; x_wconf 89' lang='lat' dir='ltr'><strong>pecuniam</strong></span> 
     </span>
     <span class='ocr_line' id='line_1_14' title="bbox 155 1415 2038 1484; baseline 0.001 -16"><span class='ocrx_word' id='word_1_128' title='bbox 155 1415 351 1468; x_wconf 90' lang='lat' dir='ltr'><strong>domini</strong></span> <span class='ocrx_word' id='word_1_129' title='bbox 378 1415 466 1469; x_wconf 87' lang='lat' dir='ltr'><strong>sed</strong></span> <span class='ocrx_word' id='word_1_130' title='bbox 491 1415 660 1484; x_wconf 88' lang='lat' dir='ltr'><strong>magis</strong></span> <span class='ocrx_word' id='word_1_131' title='bbox 686 1415 928 1484; x_wconf 89' lang='lat' dir='ltr'><strong>pecuniae</strong></span> <span class='ocrx_word' id='word_1_132' title='bbox 952 1415 1250 1484; x_wconf 88' lang='lat' dir='ltr'><strong>mancipati.</strong></span> <span class='ocrx_word' id='word_1_133' title='bbox 1291 1417 1385 1469; x_wconf 91' lang='lat' dir='ltr'><strong>hoc</strong></span> <span class='ocrx_word' id='word_1_134' title='bbox 1419 1417 1624 1484; x_wconf 89' lang='lat' dir='ltr'><strong>tempus</strong></span> <span class='ocrx_word' id='word_1_135' title='bbox 1638 1457 1650 1482; x_wconf 85' lang='lat'>‚</span> <span class='ocrx_word' id='word_1_136' title='bbox 1689 1417 1781 1470; x_wconf 92' lang='lat' dir='ltr'><strong>hos</strong></span> <span class='ocrx_word' id='word_1_137' title='bbox 1806 1417 2038 1469; x_wconf 90' lang='lat' dir='ltr'><strong>homines</strong></span> 
     </span>
     <span class='ocr_line' id='line_1_15' title="bbox 155 1500 2039 1569; baseline 0 -15"><span class='ocrx_word' id='word_1_138' title='bbox 155 1500 415 1569; x_wconf 87' lang='lat' dir='ltr'><strong>apostolus</strong></span> <span class='ocrx_word' id='word_1_139' title='bbox 440 1501 650 1554; x_wconf 88' lang='lat' dir='ltr'><strong>denotat</strong></span> <span class='ocrx_word' id='word_1_140' title='bbox 685 1501 882 1554; x_wconf 86' lang='lat' dir='ltr'><strong>dicens:</strong></span> <span class='ocrx_word' id='word_1_141' title='bbox 930 1501 1037 1569; x_wconf 89' lang='lat' dir='ltr'><strong>qui</strong></span> <span class='ocrx_word' id='word_1_142' title='bbox 1075 1502 1289 1555; x_wconf 91' lang='lat' dir='ltr'><strong>autem</strong></span> <span class='ocrx_word' id='word_1_143' title='bbox 1327 1503 1560 1556; x_wconf 94' lang='lat' dir='ltr'><strong>uolunt</strong></span> <span class='ocrx_word' id='word_1_144' title='bbox 1599 1502 1844 1555; x_wconf 87' lang='lat' dir='ltr'><strong>diuites</strong></span> <span class='ocrx_word' id='word_1_145' title='bbox 1882 1502 2039 1555; x_wconf 82' lang='lat' dir='ltr'><strong>fieri</strong></span> 
     </span>
     <span class='ocr_line' id='line_1_16' title="bbox 95 1586 2039 1656; baseline -0.002 -13"><span class='ocrx_word' id='word_1_146' title='bbox 95 1612 137 1644; x_wconf 84' lang='lat'><strong>15</strong></span> <span class='ocrx_word' id='word_1_147' title='bbox 154 1589 462 1642; x_wconf 88' lang='lat' dir='ltr'><strong>incidunt</strong></span> <span class='ocrx_word' id='word_1_148' title='bbox 500 1587 564 1640; x_wconf 91' lang='lat' dir='ltr'><strong>in</strong></span> <span class='ocrx_word' id='word_1_149' title='bbox 600 1586 1105 1654; x_wconf 90' lang='lat' dir='ltr'><strong>temptationem</strong></span> <span class='ocrx_word' id='word_1_150' title='bbox 1144 1588 1204 1640; x_wconf 91' lang='lat' dir='ltr'><strong>et</strong></span> <span class='ocrx_word' id='word_1_151' title='bbox 1240 1588 1601 1656; x_wconf 90' lang='lat' dir='ltr'><strong>muscipula</strong></span> <span class='ocrx_word' id='word_1_152' title='bbox 1628 1589 1688 1641; x_wconf 94' lang='lat' dir='ltr'><strong>et</strong></span> <span class='ocrx_word' id='word_1_153' title='bbox 1714 1588 2039 1641; x_wconf 88' lang='lat' dir='ltr'><strong>desideria</strong></span> 
     </span>
     <span class='ocr_line' id='line_1_17' title="bbox 156 1673 2039 1742; baseline -0.002 -13"><span class='ocrx_word' id='word_1_154' title='bbox 156 1675 359 1729; x_wconf 90' lang='lat' dir='ltr'><strong>multa</strong></span> <span class='ocrx_word' id='word_1_155' title='bbox 396 1675 460 1728; x_wconf 93' lang='lat' dir='ltr'><strong>et</strong></span> <span class='ocrx_word' id='word_1_156' title='bbox 495 1673 792 1726; x_wconf 81' lang='lat' dir='ltr'><strong>nocentia</strong></span> <span class='ocrx_word' id='word_1_157' title='bbox 830 1688 984 1741; x_wconf 90' lang='lat' dir='ltr'><strong>quae</strong></span> <span class='ocrx_word' id='word_1_158' title='bbox 1022 1689 1242 1742; x_wconf 85' lang='lat' dir='ltr'><strong>mergu</strong></span> <span class='ocrx_word' id='word_1_159' title='bbox 1258 1674 1326 1725; x_wconf 93' lang='lat' dir='ltr'><strong>nt</strong></span> <span class='ocrx_word' id='word_1_160' title='bbox 1363 1673 1438 1726; x_wconf 95' lang='lat' dir='ltr'><strong>ho</strong></span> <span class='ocrx_word' id='word_1_161' title='bbox 1455 1675 1689 1742; x_wconf 91' lang='lat' dir='ltr'><strong>minem</strong></span> <span class='ocrx_word' id='word_1_162' title='bbox 1727 1674 1790 1726; x_wconf 91' lang='lat' dir='ltr'><strong>in</strong></span> <span class='ocrx_word' id='word_1_163' title='bbox 1826 1674 2039 1742; x_wconf 87' lang='lat' dir='ltr'><strong>perdi-</strong></span> 
     </span>
     <span class='ocr_line' id='line_1_18' title="bbox 155 1759 2040 1814; baseline -0.001 0"><span class='ocrx_word' id='word_1_164' title='bbox 155 1762 393 1814; x_wconf 90' lang='lat' dir='ltr'><strong>tionem</strong></span> <span class='ocrx_word' id='word_1_165' title='bbox 448 1762 509 1813; x_wconf 91' lang='lat' dir='ltr'><strong>et</strong></span> <span class='ocrx_word' id='word_1_166' title='bbox 564 1761 627 1812; x_wconf 94' lang='lat' dir='ltr'><strong>in</strong></span> <span class='ocrx_word' id='word_1_167' title='bbox 681 1759 1053 1812; x_wconf 88' lang='lat' dir='ltr'><strong>interitum.</strong></span> <span class='ocrx_word' id='word_1_168' title='bbox 1109 1759 1292 1813; x_wconf 83' lang='lat' dir='ltr'><strong>radix</strong></span> <span class='ocrx_word' id='word_1_169' title='bbox 1331 1761 1494 1813; x_wconf 88' lang='lat' dir='ltr'><strong>enim</strong></span> <span class='ocrx_word' id='word_1_170' title='bbox 1534 1761 1811 1813; x_wconf 92' lang='lat' dir='ltr'><strong>omnium</strong></span> <span class='ocrx_word' id='word_1_171' title='bbox 1848 1760 2040 1813; x_wconf 91' lang='lat' dir='ltr'><strong>malo-</strong></span> 
     </span>
     <span class='ocr_line' id='line_1_19' title="bbox 154 1846 2039 1915; baseline -0.001 -15"><span class='ocrx_word' id='word_1_172' title='bbox 154 1864 291 1900; x_wconf 93' lang='lat' dir='ltr'><strong>rum</strong></span> <span class='ocrx_word' id='word_1_173' title='bbox 328 1847 427 1900; x_wconf 87' lang='lat' dir='ltr'><strong>est</strong></span> <span class='ocrx_word' id='word_1_174' title='bbox 460 1846 790 1915; x_wconf 61' lang='lat' dir='ltr'><strong>‘cupiditas</strong></span> <span class='ocrx_word' id='word_1_175' title='bbox 829 1862 1012 1914; x_wconf 91' lang='lat' dir='ltr'><strong>quam</strong></span> <span class='ocrx_word' id='word_1_176' title='bbox 1051 1846 1311 1914; x_wconf 91' lang='lat' dir='ltr'><strong>quidam</strong></span> <span class='ocrx_word' id='word_1_177' title='bbox 1350 1847 1738 1915; x_wconf 89' lang='lat' dir='ltr'><strong>adpetentes</strong></span> <span class='ocrx_word' id='word_1_178' title='bbox 1785 1862 1811 1899; x_wconf 92' lang='grc'><strong>0</strong></span> <span class='ocrx_word' id='word_1_179' title='bbox 1827 1862 2039 1899; x_wconf 91' lang='lat' dir='ltr'><strong>rraue—</strong></span> 
     </span>
     <span class='ocr_line' id='line_1_20' title="bbox 154 1917 2037 1986; baseline -0.001 0"><span class='ocrx_word' id='word_1_180' title='bbox 154 1934 312 1986; x_wconf 89' lang='lat' dir='ltr'><strong>runt</strong></span> <span class='ocrx_word' id='word_1_181' title='bbox 350 1950 380 1986; x_wconf 94' lang='lat' dir='ltr'><strong>a</strong></span> <span class='ocrx_word' id='word_1_182' title='bbox 417 1933 550 1986; x_wconf 90' lang='lat' dir='ltr'><strong>fide</strong></span> <span class='ocrx_word' id='word_1_183' title='bbox 587 1933 649 1985; x_wconf 92' lang='lat' dir='ltr'><strong>et</strong></span> <span class='ocrx_word' id='word_1_184' title='bbox 686 1932 1102 1985; x_wconf 90' lang='lat' dir='ltr'><strong>inseruerunt</strong></span> <span class='ocrx_word' id='word_1_185' title='bbox 1140 1948 1202 1986; x_wconf 90' lang='lat' dir='ltr'><strong>se</strong></span> <span class='ocrx_word' id='word_1_186' title='bbox 1243 1917 1500 1985; x_wconf 78' lang='grc'>(10101111</span> <span class='ocrx_word' id='word_1_187' title='bbox 1517 1947 1589 1984; x_wconf 93' lang='lat' dir='ltr'><strong>us</strong></span> <span class='ocrx_word' id='word_1_188' title='bbox 1627 1932 1880 1984; x_wconf 74' lang='grc'>11101110.</span> <span class='ocrx_word' id='word_1_189' title='bbox 1931 1932 2037 1985; x_wconf 92' lang='lat' dir='ltr'><strong>Do-</strong></span> 
     </span>
     <span class='ocr_line' id='line_1_21' title="bbox 98 2018 2037 2087; baseline -0.001 -13"><span class='ocrx_word' id='word_1_190' title='bbox 98 2038 142 2074; x_wconf 67' lang='lat' dir='ltr'><strong>no</strong></span> <span class='ocrx_word' id='word_1_191' title='bbox 155 2020 325 2074; x_wconf 90' lang='lat' dir='ltr'><strong>minus</strong></span> <span class='ocrx_word' id='word_1_192' title='bbox 350 2021 524 2074; x_wconf 90' lang='lat' dir='ltr'><strong>autem</strong></span> <span class='ocrx_word' id='word_1_193' title='bbox 562 2019 748 2087; x_wconf 87' lang='lat' dir='ltr'><strong>quibus</strong></span> <span class='ocrx_word' id='word_1_194' title='bbox 785 2034 876 2072; x_wconf 93' lang='lat' dir='ltr'><strong>nos</strong></span> <span class='ocrx_word' id='word_1_195' title='bbox 912 2019 1154 2086; x_wconf 89' lang='lat' dir='ltr'><strong>praemiis</strong></span> <span class='ocrx_word' id='word_1_196' title='bbox 1192 2019 1259 2072; x_wconf 92' lang='lat' dir='ltr'><strong>ad</strong></span> <span class='ocrx_word' id='word_1_197' title='bbox 1285 2020 1638 2086; x_wconf 91' lang='lat' dir='ltr'><strong>contemptum</strong></span> <span class='ocrx_word' id='word_1_198' title='bbox 1664 2019 1738 2071; x_wconf 86' lang='lat' dir='ltr'><strong>rei</strong></span> <span class='ocrx_word' id='word_1_199' title='bbox 1764 2018 2037 2072; x_wconf 84' lang='lat' dir='ltr'><strong>familiaris</strong></span> 
     </span>
     <span class='ocr_line' id='line_1_22' title="bbox 153 2105 2037 2174; baseline -0.001 -15"><span class='ocrx_word' id='word_1_200' title='bbox 153 2106 380 2160; x_wconf 75' lang='lat' dir='ltr'><strong>inuitat?</strong></span> <span class='ocrx_word' id='word_1_201' title='bbox 404 2121 566 2174; x_wconf 90' lang='lat' dir='ltr'><strong>parua</strong></span> <span class='ocrx_word' id='word_1_202' title='bbox 588 2105 712 2158; x_wconf 89' lang='lat' dir='ltr'><strong>haec</strong></span> <span class='ocrx_word' id='word_1_203' title='bbox 738 2107 790 2158; x_wconf 95' lang='lat' dir='ltr'><strong>et</strong></span> <span class='ocrx_word' id='word_1_204' title='bbox 815 2105 999 2174; x_wconf 85' lang='lat' dir='ltr'><strong>exigua</strong></span> <span class='ocrx_word' id='word_1_205' title='bbox 1023 2105 1177 2158; x_wconf 91' lang='lat' dir='ltr'><strong>huius</strong></span> <span class='ocrx_word' id='word_1_206' title='bbox 1203 2105 1450 2174; x_wconf 84' lang='lat' dir='ltr'><strong>temporis</strong></span> <span class='ocrx_word' id='word_1_207' title='bbox 1478 2105 1663 2158; x_wconf 92' lang='lat' dir='ltr'><strong>damna</strong></span> <span class='ocrx_word' id='word_1_208' title='bbox 1689 2105 1874 2172; x_wconf 88' lang='lat' dir='ltr'><strong>quibus</strong></span> <span class='ocrx_word' id='word_1_209' title='bbox 1901 2120 2037 2157; x_wconf 90' lang='lat' dir='ltr'><strong>mer-</strong></span> 
     </span>
     <span class='ocr_line' id='line_1_23' title="bbox 151 2190 2038 2259; baseline -0.003 -12"><span class='ocrx_word' id='word_1_210' title='bbox 151 2193 359 2251; x_wconf 85' lang='lat' dir='ltr'><strong>cedibus</strong></span> <span class='ocrx_word' id='word_1_211' title='bbox 383 2192 606 2259; x_wconf 81' lang='lat' dir='ltr'><strong>pensat?</strong></span> <span class='ocrx_word' id='word_1_212' title='bbox 643 2205 821 2244; x_wconf 92' lang='lat' dir='ltr'><strong>nemo</strong></span> <span class='ocrx_word' id='word_1_213' title='bbox 860 2191 982 2256; x_wconf 87' lang='lat' dir='ltr'><strong>est,</strong></span> <span class='ocrx_word' id='word_1_214' title='bbox 1022 2191 1220 2258; x_wconf 87' lang='lat' dir='ltr'><strong>inquit,</strong></span> <span class='ocrx_word' id='word_1_215' title='bbox 1270 2192 1378 2258; x_wconf 93' lang='lat' dir='ltr'><strong>qui</strong></span> <span class='ocrx_word' id='word_1_216' title='bbox 1417 2191 1750 2258; x_wconf 87' lang='lat' dir='ltr'><strong>relinquat</strong></span> <span class='ocrx_word' id='word_1_217' title='bbox 1790 2190 2038 2242; x_wconf 91' lang='lat' dir='ltr'><strong>domum</strong></span> 
     </span>
     <span class='ocr_line' id='line_1_24' title="bbox 152 2276 2035 2348; baseline -0.003 -15"><span class='ocrx_word' id='word_1_218' title='bbox 152 2280 263 2333; x_wconf 87' lang='lat' dir='ltr'><strong>aut</strong></span> <span class='ocrx_word' id='word_1_219' title='bbox 299 2294 525 2348; x_wconf 82' lang='lat' dir='ltr'><strong>agrum</strong></span> <span class='ocrx_word' id='word_1_220' title='bbox 564 2279 677 2330; x_wconf 90' lang='lat' dir='ltr'><strong>aut</strong></span> <span class='ocrx_word' id='word_1_221' title='bbox 712 2278 1017 2344; x_wconf 88' lang='lat' dir='ltr'><strong>parentes</strong></span> <span class='ocrx_word' id='word_1_222' title='bbox 1055 2278 1164 2329; x_wconf 91' lang='lat' dir='ltr'><strong>aut</strong></span> <span class='ocrx_word' id='word_1_223' title='bbox 1202 2276 1370 2330; x_wconf 87' lang='lat' dir='ltr'><strong>fratr</strong></span> <span class='ocrx_word' id='word_1_224' title='bbox 1386 2292 1446 2329; x_wconf 90' lang='lat' dir='ltr'><strong>es</strong></span> <span class='ocrx_word' id='word_1_225' title='bbox 1485 2276 1594 2328; x_wconf 92' lang='lat' dir='ltr'><strong>aut</strong></span> <span class='ocrx_word' id='word_1_226' title='bbox 1631 2290 1887 2329; x_wconf 89' lang='lat' dir='ltr'><strong>uxorem</strong></span> <span class='ocrx_word' id='word_1_227' title='bbox 1926 2277 2035 2329; x_wconf 91' lang='lat' dir='ltr'><strong>aut</strong></span> 
     </span>
     <span class='ocr_line' id='line_1_25' title="bbox 152 2361 2034 2432; baseline -0.002 -15"><span class='ocrx_word' id='word_1_228' title='bbox 152 2364 338 2418; x_wconf 88' lang='lat' dir='ltr'><strong>filios</strong></span> <span class='ocrx_word' id='word_1_229' title='bbox 392 2365 658 2431; x_wconf 91' lang='lat' dir='ltr'><strong>propter</strong></span> <span class='ocrx_word' id='word_1_230' title='bbox 711 2378 976 2432; x_wconf 87' lang='lat' dir='ltr'><strong>regnum</strong></span> <span class='ocrx_word' id='word_1_231' title='bbox 1030 2363 1149 2415; x_wconf 92' lang='lat' dir='ltr'><strong>Dei</strong></span> <span class='ocrx_word' id='word_1_232' title='bbox 1205 2363 1265 2414; x_wconf 90' lang='lat' dir='ltr'><strong>et</strong></span> <span class='ocrx_word' id='word_1_233' title='bbox 1319 2377 1437 2415; x_wconf 94' lang='lat' dir='ltr'><strong>non</strong></span> <span class='ocrx_word' id='word_1_234' title='bbox 1474 2361 1755 2429; x_wconf 87' lang='lat' dir='ltr'><strong>recipiat</strong></span> <span class='ocrx_word' id='word_1_235' title='bbox 1793 2361 2034 2428; x_wconf 88' lang='lat' dir='ltr'><strong>septies</strong></span> 
     </span>
     <span class='ocr_line' id='line_1_26' title="bbox 94 2448 2034 2515; baseline -0.002 -14"><span class='ocrx_word' id='word_1_236' title='bbox 94 2451 405 2504; x_wconf 69' lang='lat' dir='ltr'><strong>astantum</strong></span> <span class='ocrx_word' id='word_1_237' title='bbox 451 2450 514 2503; x_wconf 92' lang='lat' dir='ltr'><strong>in</strong></span> <span class='ocrx_word' id='word_1_238' title='bbox 562 2449 691 2503; x_wconf 89' lang='lat' dir='ltr'><strong>isto</strong></span> <span class='ocrx_word' id='word_1_239' title='bbox 729 2450 1047 2515; x_wconf 89' lang='lat' dir='ltr'><strong>tempore,</strong></span> <span class='ocrx_word' id='word_1_240' title='bbox 1094 2449 1162 2500; x_wconf 93' lang='lat' dir='ltr'><strong>in</strong></span> <span class='ocrx_word' id='word_1_241' title='bbox 1203 2449 1460 2502; x_wconf 90' lang='lat' dir='ltr'><strong>saeculo</strong></span> <span class='ocrx_word' id='word_1_242' title='bbox 1500 2449 1714 2501; x_wconf 93' lang='lat' dir='ltr'><strong>autem</strong></span> <span class='ocrx_word' id='word_1_243' title='bbox 1751 2448 1904 2499; x_wconf 90' lang='lat' dir='ltr'><strong>uent</strong></span> <span class='ocrx_word' id='word_1_244' title='bbox 1921 2461 2034 2499; x_wconf 88' lang='grc'>1110</span> 
     </span>
     <span class='ocr_line' id='line_1_27' title="bbox 152 2532 2035 2603; baseline -0.003 -14"><span class='ocrx_word' id='word_1_245' title='bbox 152 2536 216 2589; x_wconf 92' lang='lat' dir='ltr'><strong>ui</strong></span> <span class='ocrx_word' id='word_1_246' title='bbox 228 2537 293 2590; x_wconf 92' lang='lat' dir='ltr'><strong>ta</strong></span> <span class='ocrx_word' id='word_1_247' title='bbox 307 2553 359 2588; x_wconf 92' lang='grc'><strong>10</strong></span> <span class='ocrx_word' id='word_1_248' title='bbox 386 2552 416 2589; x_wconf 97' lang='grc'><strong>0</strong></span> <span class='ocrx_word' id='word_1_249' title='bbox 427 2536 484 2588; x_wconf 87' lang='grc'><strong>01</strong></span> <span class='ocrx_word' id='word_1_250' title='bbox 495 2550 521 2588; x_wconf 92' lang='grc'><strong>0</strong></span> <span class='ocrx_word' id='word_1_251' title='bbox 533 2552 558 2588; x_wconf 91' lang='grc'><strong>1</strong></span> <span class='ocrx_word' id='word_1_252' title='bbox 568 2552 603 2588; x_wconf 91' lang='grc'><strong>0</strong></span> <span class='ocrx_word' id='word_1_253' title='bbox 614 2550 722 2588; x_wconf 82' lang='lat' dir='ltr'><strong>am.</strong></span> <span class='ocrx_word' id='word_1_254' title='bbox 764 2534 950 2601; x_wconf 89' lang='lat' dir='ltr'><strong>quibus</strong></span> <span class='ocrx_word' id='word_1_255' title='bbox 978 2533 1197 2603; x_wconf 85' lang='lat' dir='ltr'><strong>cognitis</strong></span> <span class='ocrx_word' id='word_1_256' title='bbox 1220 2536 1271 2587; x_wconf 93' lang='lat' dir='ltr'><strong>et</strong></span> <span class='ocrx_word' id='word_1_257' title='bbox 1299 2534 1361 2586; x_wconf 92' lang='lat' dir='ltr'><strong>de</strong></span> <span class='ocrx_word' id='word_1_258' title='bbox 1381 2533 1480 2587; x_wconf 92' lang='lat' dir='ltr'><strong>Dei</strong></span> <span class='ocrx_word' id='word_1_259' title='bbox 1500 2532 1791 2601; x_wconf 89' lang='lat' dir='ltr'><strong>pollicentis</strong></span> <span class='ocrx_word' id='word_1_260' title='bbox 1818 2532 2035 2585; x_wconf 88' lang='lat' dir='ltr'><strong>ueritate</strong></span> 
     </span>
    </p>
   </div>
   <div class='ocr_carea' id='block_1_3' title="bbox 323 2705 1334 2761">
    <p class='ocr_par' dir='ltr' id='par_1_3' title="bbox 323 2705 1334 2761">
     <span class='ocr_line' id='line_1_28' title="bbox 323 2705 1334 2761; baseline -0.002 -11"><span class='ocrx_word' id='word_1_261' title='bbox 323 2707 379 2750; x_wconf 88' lang='grc'><strong>14</strong></span> <span class='ocrx_word' id='word_1_262' title='bbox 409 2707 433 2750; x_wconf 92' lang='lat' dir='ltr'>I</span> <span class='ocrx_word' id='word_1_263' title='bbox 455 2706 565 2750; x_wconf 85' lang='lat' dir='ltr'><strong>Tim.</strong></span> <span class='ocrx_word' id='word_1_264' title='bbox 591 2707 632 2759; x_wconf 88' lang='lat'><strong>6,</strong></span> <span class='ocrx_word' id='word_1_265' title='bbox 652 2706 679 2750; x_wconf 88' lang='lat'>9</span> <span class='ocrx_word' id='word_1_266' title='bbox 702 2718 763 2761; x_wconf 86' lang='lat' dir='ltr'><strong>sq.</strong></span> <span class='ocrx_word' id='word_1_267' title='bbox 855 2705 911 2749; x_wconf 88' lang='grc'><strong>22</strong></span> <span class='ocrx_word' id='word_1_268' title='bbox 942 2705 1076 2748; x_wconf 85' lang='grc' dir='ltr'>Μο10.</span> <span class='ocrx_word' id='word_1_269' title='bbox 1102 2705 1170 2757; x_wconf 88' lang='grc'><strong>10,</strong></span> <span class='ocrx_word' id='word_1_270' title='bbox 1193 2706 1249 2749; x_wconf 86' lang='grc'><strong>29</strong></span> <span class='ocrx_word' id='word_1_271' title='bbox 1271 2719 1334 2761; x_wconf 88' lang='lat' dir='ltr'><strong>sq.</strong></span> 
     </span>
    </p>
   </div>
   <div class='ocr_carea' id='block_1_4' title="bbox 123 2847 2038 3545">
    <p class='ocr_par' dir='ltr' id='par_1_4' title="bbox 154 2847 2038 3478">
     <span class='ocr_line' id='line_1_29' title="bbox 239 2847 1953 2904; baseline -0.001 -12"><span class='ocrx_word' id='word_1_272' title='bbox 239 2850 266 2892; x_wconf 89' lang='lat'>1</span> <span class='ocrx_word' id='word_1_273' title='bbox 296 2849 414 2893; x_wconf 89' lang='grc'>00010</span> <span class='ocrx_word' id='word_1_274' title='bbox 437 2849 484 2894; x_wconf 79' lang='lat' dir='ltr'><strong><em>R</em></strong></span> <span class='ocrx_word' id='word_1_275' title='bbox 570 2851 616 2893; x_wconf 89' lang='lat' dir='ltr'><strong>et</strong></span> <span class='ocrx_word' id='word_1_276' title='bbox 636 2861 817 2904; x_wconf 88' lang='lat' dir='ltr'><strong>sequere</strong></span> <span class='ocrx_word' id='word_1_277' title='bbox 837 2848 883 2893; x_wconf 80' lang='lat' dir='ltr'><strong><em>R</em></strong></span> <span class='ocrx_word' id='word_1_278' title='bbox 969 2849 997 2892; x_wconf 85' lang='lat'><strong>2</strong></span> <span class='ocrx_word' id='word_1_279' title='bbox 1027 2847 1215 2892; x_wconf 88' lang='lat' dir='ltr'><strong>diuitias</strong></span> <span class='ocrx_word' id='word_1_280' title='bbox 1238 2862 1340 2892; x_wconf 87' lang='lat' dir='ltr'><strong>suas</strong></span> <span class='ocrx_word' id='word_1_281' title='bbox 1362 2849 1434 2894; x_wconf 77' lang='lat' dir='ltr'><strong>Rv</strong></span> <span class='ocrx_word' id='word_1_282' title='bbox 1527 2850 1555 2892; x_wconf 83' lang='lat'>4</span> <span class='ocrx_word' id='word_1_283' title='bbox 1586 2862 1658 2892; x_wconf 88' lang='lat' dir='ltr'><strong>cor</strong></span> <span class='ocrx_word' id='word_1_284' title='bbox 1679 2849 1739 2904; x_wconf 89' lang='lat' dir='ltr'><strong>et]</strong></span> <span class='ocrx_word' id='word_1_285' title='bbox 1764 2849 1886 2891; x_wconf 85' lang='lat' dir='ltr'><strong>curet</strong></span> <span class='ocrx_word' id='word_1_286' title='bbox 1908 2847 1953 2891; x_wconf 88' lang='lat' dir='ltr'><strong><em>R</em></strong></span> 
     </span>
     <span class='ocr_line' id='line_1_30' title="bbox 154 2917 2038 2975; baseline -0.002 -11"><span class='ocrx_word' id='word_1_287' title='bbox 154 2920 354 2965; x_wconf 78' lang='lat' dir='ltr'><strong>animaus</strong></span> <span class='ocrx_word' id='word_1_288' title='bbox 377 2920 433 2965; x_wconf 86' lang='lat' dir='ltr'><strong>S¹</strong></span> <span class='ocrx_word' id='word_1_289' title='bbox 537 2920 566 2965; x_wconf 84' lang='lat'>5</span> <span class='ocrx_word' id='word_1_290' title='bbox 595 2933 622 2963; x_wconf 88' lang='lat' dir='ltr'><strong>a</strong></span> <span class='ocrx_word' id='word_1_291' title='bbox 642 2933 723 2964; x_wconf 84' lang='lat' dir='ltr'><strong>om.</strong></span> <span class='ocrx_word' id='word_1_292' title='bbox 748 2919 787 2964; x_wconf 95' lang='lat' dir='ltr'><strong><em>S</em></strong></span> <span class='ocrx_word' id='word_1_293' title='bbox 888 2919 1133 2963; x_wconf 89' lang='lat' dir='ltr'><strong>uinciretur</strong></span> <span class='ocrx_word' id='word_1_294' title='bbox 1154 2921 1269 2964; x_wconf 74' lang='lat' dir='ltr'><strong>coni.</strong></span> <span class='ocrx_word' id='word_1_295' title='bbox 1301 2920 1502 2964; x_wconf 72' lang='lat' dir='ltr'><strong>Gronou.</strong></span> <span class='ocrx_word' id='word_1_296' title='bbox 1526 2921 1612 2964; x_wconf 81' lang='lat' dir='ltr'><strong>obs.</strong></span> <span class='ocrx_word' id='word_1_297' title='bbox 1632 2934 1677 2975; x_wconf 79' lang='lat' dir='ltr'><strong>p.</strong></span> <span class='ocrx_word' id='word_1_298' title='bbox 1698 2923 1786 2965; x_wconf 75' lang='lat'><strong>574</strong></span> <span class='ocrx_word' id='word_1_299' title='bbox 1902 2919 1928 2962; x_wconf 90' lang='lat'>6</span> <span class='ocrx_word' id='word_1_300' title='bbox 1963 2917 2038 2961; x_wconf 90' lang='lat' dir='ltr'><strong>do-</strong></span> 
     </span>
     <span class='ocr_line' id='line_1_31' title="bbox 154 2990 2037 3048; baseline -0.002 -12"><span class='ocrx_word' id='word_1_301' title='bbox 154 2992 323 3036; x_wconf 88' lang='lat' dir='ltr'><strong>minum</strong></span> <span class='ocrx_word' id='word_1_302' title='bbox 340 3006 467 3036; x_wconf 88' lang='lat' dir='ltr'><strong>suum</strong></span> <span class='ocrx_word' id='word_1_303' title='bbox 484 2991 530 3045; x_wconf 89' lang='lat' dir='ltr'><strong>S,</strong></span> <span class='ocrx_word' id='word_1_304' title='bbox 550 2992 608 3047; x_wconf 76' lang='lat' dir='ltr'><strong>cf.</strong></span> <span class='ocrx_word' id='word_1_305' title='bbox 627 2992 654 3036; x_wconf 82' lang='lat' dir='ltr'><strong>l.</strong></span> <span class='ocrx_word' id='word_1_306' title='bbox 675 2994 704 3036; x_wconf 90' lang='lat'><em>9</em></span> <span class='ocrx_word' id='word_1_307' title='bbox 726 2996 768 3036; x_wconf 83' lang='lat' dir='ltr'><strong>et</strong></span> <span class='ocrx_word' id='word_1_308' title='bbox 788 2994 866 3044; x_wconf 87' lang='lat'><strong>13,</strong></span> <span class='ocrx_word' id='word_1_309' title='bbox 898 2993 1001 3044; x_wconf 75' lang='lat'><strong><em>254,</em></strong></span> <span class='ocrx_word' id='word_1_310' title='bbox 1024 2994 1054 3035; x_wconf 87' lang='grc'><em>6</em></span> <span class='ocrx_word' id='word_1_311' title='bbox 1169 2991 1193 3034; x_wconf 84' lang='grc'>7</span> <span class='ocrx_word' id='word_1_312' title='bbox 1232 2994 1278 3034; x_wconf 89' lang='grc'><strong>01</strong></span> <span class='ocrx_word' id='word_1_313' title='bbox 1294 2991 1422 3047; x_wconf 74' lang='lat' dir='ltr'><strong>(ante</strong></span> <span class='ocrx_word' id='word_1_314' title='bbox 1438 2991 1587 3048; x_wconf 87' lang='lat' dir='ltr'><strong>rebus)</strong></span> <span class='ocrx_word' id='word_1_315' title='bbox 1618 3005 1699 3035; x_wconf 82' lang='lat' dir='ltr'><strong>om.</strong></span> <span class='ocrx_word' id='word_1_316' title='bbox 1715 2991 1751 3035; x_wconf 90' lang='lat' dir='ltr'><strong><em>S</em></strong></span> <span class='ocrx_word' id='word_1_317' title='bbox 1864 2991 1891 3034; x_wconf 88' lang='grc'>8</span> <span class='ocrx_word' id='word_1_318' title='bbox 1921 2990 2037 3032; x_wconf 91' lang='lat' dir='ltr'><strong>inui-</strong></span> 
     </span>
     <span class='ocr_line' id='line_1_32' title="bbox 155 3060 2038 3118; baseline -0.003 -11"><span class='ocrx_word' id='word_1_319' title='bbox 155 3062 256 3108; x_wconf 84' lang='lat' dir='ltr'><strong>duis</strong></span> <span class='ocrx_word' id='word_1_320' title='bbox 279 3064 316 3109; x_wconf 87' lang='lat' dir='ltr'><strong><em>S</em></strong></span> <span class='ocrx_word' id='word_1_321' title='bbox 322 3063 333 3086; x_wconf 90' lang='lat'><strong>¹</strong></span> <span class='ocrx_word' id='word_1_322' title='bbox 353 3097 364 3117; x_wconf 90' lang='lat'>,</span> <span class='ocrx_word' id='word_1_323' title='bbox 396 3063 621 3108; x_wconf 88' lang='lat' dir='ltr'><strong>indiuidui</strong></span> <span class='ocrx_word' id='word_1_324' title='bbox 640 3063 688 3108; x_wconf 82' lang='lat' dir='ltr'><em>R</em></span> <span class='ocrx_word' id='word_1_325' title='bbox 830 3063 998 3106; x_wconf 86' lang='lat' dir='ltr'><strong>christo</strong></span> <span class='ocrx_word' id='word_1_326' title='bbox 1018 3078 1046 3108; x_wconf 86' lang='lat' dir='ltr'><em>v</em></span> <span class='ocrx_word' id='word_1_327' title='bbox 1210 3063 1504 3107; x_wconf 87' lang='lat' dir='ltr'><strong>adhaeserant</strong></span> <span class='ocrx_word' id='word_1_328' title='bbox 1525 3064 1570 3108; x_wconf 88' lang='lat' dir='ltr'><em>R</em></span> <span class='ocrx_word' id='word_1_329' title='bbox 1724 3063 1751 3107; x_wconf 90' lang='grc'>9</span> <span class='ocrx_word' id='word_1_330' title='bbox 1780 3060 2038 3118; x_wconf 87' lang='lat' dir='ltr'><strong>patrimonii</strong></span> 
     </span>
     <span class='ocr_line' id='line_1_33' title="bbox 155 3132 2038 3191; baseline -0.003 -13"><span class='ocrx_word' id='word_1_331' title='bbox 155 3135 224 3178; x_wconf 86' lang='lat' dir='ltr'><strong>sui</strong></span> <span class='ocrx_word' id='word_1_332' title='bbox 245 3134 282 3179; x_wconf 90' lang='lat' dir='ltr'><strong><em>S</em></strong></span> <span class='ocrx_word' id='word_1_333' title='bbox 384 3134 442 3179; x_wconf 90' lang='lat'><strong>10</strong></span> <span class='ocrx_word' id='word_1_334' title='bbox 470 3138 516 3179; x_wconf 87' lang='lat' dir='ltr'><strong>et</strong></span> <span class='ocrx_word' id='word_1_335' title='bbox 534 3134 605 3191; x_wconf 86' lang='lat' dir='ltr'><strong>ad]</strong></span> <span class='ocrx_word' id='word_1_336' title='bbox 625 3134 680 3178; x_wconf 90' lang='lat' dir='ltr'><strong>ad</strong></span> <span class='ocrx_word' id='word_1_337' title='bbox 700 3136 756 3178; x_wconf 89' lang='lat' dir='ltr'><strong><em>W</em></strong></span> <span class='ocrx_word' id='word_1_338' title='bbox 859 3135 915 3179; x_wconf 83' lang='lat'><strong>12</strong></span> <span class='ocrx_word' id='word_1_339' title='bbox 945 3134 1001 3178; x_wconf 88' lang='lat' dir='ltr'><strong>ad</strong></span> <span class='ocrx_word' id='word_1_340' title='bbox 1022 3148 1103 3179; x_wconf 84' lang='lat' dir='ltr'><strong>om.</strong></span> <span class='ocrx_word' id='word_1_341' title='bbox 1134 3136 1216 3181; x_wconf 84' lang='lat' dir='ltr'><strong>W¹</strong></span> <span class='ocrx_word' id='word_1_342' title='bbox 1303 3135 1535 3191; x_wconf 83' lang='lat' dir='ltr'><strong>pecuniam</strong></span> <span class='ocrx_word' id='word_1_343' title='bbox 1558 3134 1772 3185; x_wconf 89' lang='lat' dir='ltr'><strong><em>SRVW,</em></strong></span> <span class='ocrx_word' id='word_1_344' title='bbox 1805 3132 2038 3188; x_wconf 87' lang='lat' dir='ltr'><strong>pecuniam</strong></span> 
     </span>
     <span class='ocr_line' id='line_1_34' title="bbox 155 3203 2037 3265; baseline -0.003 -14"><span class='ocrx_word' id='word_1_345' title='bbox 155 3219 280 3251; x_wconf 81' lang='lat' dir='ltr'><strong>suam</strong></span> <span class='ocrx_word' id='word_1_346' title='bbox 298 3221 326 3252; x_wconf 84' lang='lat' dir='ltr'><strong><em>v</em></strong></span> <span class='ocrx_word' id='word_1_347' title='bbox 413 3208 468 3251; x_wconf 88' lang='lat'><strong>13</strong></span> <span class='ocrx_word' id='word_1_348' title='bbox 497 3207 664 3251; x_wconf 91' lang='lat' dir='ltr'><strong>domini</strong></span> <span class='ocrx_word' id='word_1_349' title='bbox 684 3221 741 3251; x_wconf 83' lang='lat' dir='ltr'><strong>m.</strong></span> <span class='ocrx_word' id='word_1_350' title='bbox 764 3210 797 3251; x_wconf 81' lang='lat'><strong><em>2</em></strong></span> <span class='ocrx_word' id='word_1_351' title='bbox 817 3207 925 3252; x_wconf 84' lang='lat' dir='ltr'><strong>add.</strong></span> <span class='ocrx_word' id='word_1_352' title='bbox 947 3208 1001 3252; x_wconf 64' lang='lat' dir='ltr'><strong>isn</strong></span> <span class='ocrx_word' id='word_1_353' title='bbox 1025 3207 1091 3253; x_wconf 91' lang='lat' dir='ltr'><em>W</em></span> <span class='ocrx_word' id='word_1_354' title='bbox 1191 3208 1403 3265; x_wconf 86' lang='lat' dir='ltr'><strong>pecuniae</strong></span> <span class='ocrx_word' id='word_1_355' title='bbox 1426 3221 1530 3251; x_wconf 85' lang='lat' dir='ltr'><strong>suae</strong></span> <span class='ocrx_word' id='word_1_356' title='bbox 1553 3207 1590 3251; x_wconf 90' lang='lat' dir='ltr'><strong><em>S</em></strong></span> <span class='ocrx_word' id='word_1_357' title='bbox 1704 3207 1760 3250; x_wconf 86' lang='lat'><strong>15</strong></span> <span class='ocrx_word' id='word_1_358' title='bbox 1788 3203 2037 3259; x_wconf 84' lang='lat' dir='ltr'><strong>muscipula</strong></span> 
     </span>
     <span class='ocr_line' id='line_1_35' title="bbox 154 3273 2038 3336; baseline -0.005 -12"><span class='ocrx_word' id='word_1_359' title='bbox 154 3277 287 3331; x_wconf 60' lang='lat'>8¹13,</span> <span class='ocrx_word' id='word_1_360' title='bbox 309 3278 582 3335; x_wconf 86' lang='lat' dir='ltr'><strong>muscipulas</strong></span> <span class='ocrx_word' id='word_1_361' title='bbox 613 3280 684 3332; x_wconf 88' lang='lat' dir='ltr'><strong>W,</strong></span> <span class='ocrx_word' id='word_1_362' title='bbox 717 3279 1013 3336; x_wconf 85' lang='lat' dir='ltr'><strong>muscipulam</strong></span> <span class='ocrx_word' id='word_1_363' title='bbox 1035 3279 1127 3324; x_wconf 79' lang='lat' dir='ltr'><strong>S2v</strong></span> <span class='ocrx_word' id='word_1_364' title='bbox 1246 3279 1300 3323; x_wconf 87' lang='lat'><strong>16</strong></span> <span class='ocrx_word' id='word_1_365' title='bbox 1331 3278 1477 3322; x_wconf 86' lang='lat' dir='ltr'><strong>multa</strong></span> <span class='ocrx_word' id='word_1_366' title='bbox 1497 3278 1681 3322; x_wconf 88' lang='lat' dir='ltr'><strong>inutilia</strong></span> <span class='ocrx_word' id='word_1_367' title='bbox 1701 3291 1727 3321; x_wconf 83' lang='grc' dir='ltr'><strong><em>υ</em></strong></span> <span class='ocrx_word' id='word_1_368' title='bbox 1844 3276 1896 3318; x_wconf 90' lang='grc'><strong>17</strong></span> <span class='ocrx_word' id='word_1_369' title='bbox 1919 3273 2038 3317; x_wconf 88' lang='grc'>00110</span> 
     </span>
     <span class='ocr_line' id='line_1_36' title="bbox 155 3345 2034 3408; baseline -0.004 -14"><span class='ocrx_word' id='word_1_370' title='bbox 155 3362 237 3394; x_wconf 81' lang='lat' dir='ltr'><strong>om.</strong></span> <span class='ocrx_word' id='word_1_371' title='bbox 263 3350 327 3394; x_wconf 89' lang='lat' dir='ltr'><strong><em>W</em></strong></span> <span class='ocrx_word' id='word_1_372' title='bbox 422 3351 477 3395; x_wconf 89' lang='grc'><strong>18</strong></span> <span class='ocrx_word' id='word_1_373' title='bbox 507 3351 779 3408; x_wconf 80' lang='grc'>0110001001]</span> <span class='ocrx_word' id='word_1_374' title='bbox 801 3351 1184 3407; x_wconf 83' lang='lat' dir='ltr'><strong>naufragauerunt</strong></span> <span class='ocrx_word' id='word_1_375' title='bbox 1211 3351 1479 3407; x_wconf 74' lang='lat' dir='ltr'><strong>Cyprianus</strong></span> <span class='ocrx_word' id='word_1_376' title='bbox 1500 3355 1597 3395; x_wconf 80' lang='lat' dir='ltr'><strong>test.</strong></span> <span class='ocrx_word' id='word_1_377' title='bbox 1622 3349 1719 3392; x_wconf 92' lang='lat' dir='ltr'><strong>III</strong></span> <span class='ocrx_word' id='word_1_378' title='bbox 1733 3351 1810 3400; x_wconf 87' lang='grc'><strong>61,</strong></span> <span class='ocrx_word' id='word_1_379' title='bbox 1843 3346 1898 3390; x_wconf 85' lang='lat' dir='ltr'><strong>de</strong></span> <span class='ocrx_word' id='word_1_380' title='bbox 1920 3345 2034 3389; x_wconf 78' lang='lat' dir='ltr'><strong>dom.</strong></span> 
     </span>
     <span class='ocr_line' id='line_1_37' title="bbox 154 3417 2034 3478; baseline -0.003 -14"><span class='ocrx_word' id='word_1_381' title='bbox 154 3426 268 3466; x_wconf 81' lang='lat' dir='ltr'><strong>orat.</strong></span> <span class='ocrx_word' id='word_1_382' title='bbox 292 3435 327 3466; x_wconf 93' lang='grc'><strong>0.</strong></span> <span class='ocrx_word' id='word_1_383' title='bbox 350 3424 428 3474; x_wconf 87' lang='lat'><strong>19,</strong></span> <span class='ocrx_word' id='word_1_384' title='bbox 462 3421 518 3466; x_wconf 83' lang='lat' dir='ltr'><strong>de</strong></span> <span class='ocrx_word' id='word_1_385' title='bbox 538 3435 672 3478; x_wconf 77' lang='lat' dir='ltr'><strong>opere</strong></span> <span class='ocrx_word' id='word_1_386' title='bbox 692 3427 735 3466; x_wconf 80' lang='lat' dir='ltr'><strong>et</strong></span> <span class='ocrx_word' id='word_1_387' title='bbox 756 3422 807 3466; x_wconf 84' lang='lat' dir='ltr'><strong>el.</strong></span> <span class='ocrx_word' id='word_1_388' title='bbox 831 3436 866 3467; x_wconf 92' lang='grc'><strong>0.</strong></span> <span class='ocrx_word' id='word_1_389' title='bbox 891 3425 950 3466; x_wconf 92' lang='grc'><strong>10</strong></span> <span class='ocrx_word' id='word_1_390' title='bbox 1037 3422 1092 3466; x_wconf 89' lang='grc'><strong>23</strong></span> <span class='ocrx_word' id='word_1_391' title='bbox 1124 3423 1203 3465; x_wconf 85' lang='grc'><strong>001</strong></span> <span class='ocrx_word' id='word_1_392' title='bbox 1223 3421 1384 3465; x_wconf 88' lang='lat' dir='ltr'><strong>fratres</strong></span> <span class='ocrx_word' id='word_1_393' title='bbox 1406 3434 1488 3465; x_wconf 84' lang='lat' dir='ltr'><strong>om.</strong></span> <span class='ocrx_word' id='word_1_394' title='bbox 1513 3420 1549 3464; x_wconf 91' lang='lat' dir='ltr'><strong><em>S</em></strong></span> <span class='ocrx_word' id='word_1_395' title='bbox 1635 3419 1693 3462; x_wconf 87' lang='grc'><strong>24</strong></span> <span class='ocrx_word' id='word_1_396' title='bbox 1724 3417 1906 3474; x_wconf 84' lang='lat' dir='ltr'><strong>septies]</strong></span> <span class='ocrx_word' id='word_1_397' title='bbox 1931 3429 2034 3460; x_wconf 83' lang='lat' dir='ltr'><strong>cen-</strong></span> 
     </span>
    </p>

    <p class='ocr_par' dir='ltr' id='par_1_5' title="bbox 123 3477 1402 3545">
     <span class='ocr_line' id='line_1_38' title="bbox 123 3477 1402 3545; baseline 0 -9"><span class='ocrx_word' id='word_1_398' title='bbox 123 3477 240 3537; x_wconf 69' lang='lat' dir='ltr'><strong>&#39;ties</strong></span> <span class='ocrx_word' id='word_1_399' title='bbox 259 3507 287 3538; x_wconf 74' lang='lat' dir='ltr'><strong><em>v</em></strong></span> <span class='ocrx_word' id='word_1_400' title='bbox 371 3493 427 3538; x_wconf 83' lang='lat'><strong>26</strong></span> <span class='ocrx_word' id='word_1_401' title='bbox 456 3494 555 3537; x_wconf 76' lang='lat' dir='ltr'><strong>uita</strong></span> <span class='ocrx_word' id='word_1_402' title='bbox 575 3496 752 3538; x_wconf 75' lang='lat' dir='ltr'><strong>aeterna</strong></span> <span class='ocrx_word' id='word_1_403' title='bbox 771 3495 818 3540; x_wconf 86' lang='lat' dir='ltr'><em>R</em></span> <span class='ocrx_word' id='word_1_404' title='bbox 881 3489 883 3491; x_wconf 82' lang='grc'><em>·</em></span> <span class='ocrx_word' id='word_1_405' title='bbox 911 3494 1078 3539; x_wconf 83' lang='lat' dir='ltr'><strong>domini</strong></span> <span class='ocrx_word' id='word_1_406' title='bbox 1099 3494 1194 3545; x_wconf 82' lang='lat' dir='ltr'><strong>Rv,</strong></span> <span class='ocrx_word' id='word_1_407' title='bbox 1225 3481 1311 3536; x_wconf 74' lang='grc' dir='ltr'><strong>ᾱιῖο</strong></span> <span class='ocrx_word' id='word_1_408' title='bbox 1337 3493 1402 3537; x_wconf 88' lang='lat' dir='ltr'><em>W</em></span> 
     </span>
    </p>
   </div>
  </div>
 </body>
</html>
