2332 3978
415 988 546 1068 DE
602 988 879 1070 BONO
934 977 1604 1070 PATIENTIAE.

0 1320 2 1322 Ι
141 1215 242 1304 De
268 1248 522 1316 patientia
549 1251 839 1314 locuturUS,
881 1249 1066 1303 fratres
1095 1250 1451 1314 dilectissimi,
1479 1252 1531 1303 et
1558 1250 1816 1303 utilitates
1844 1250 1953 1304 eius
1983 1261 2003 1311 1

75 1339 126 1390 et
165 1337 433 1391 commoda
477 1337 867 1404 praedicaturus
911 1337 1044 1389 unde
1088 1337 1262 1403 potius
1308 1337 1553 1404 incipiam
1572 1377 1584 1401 ,
1626 1351 1782 1403 quam
1817 1336 1953 1404 quod

3 1422 9 1474 Ϊ
71 1439 204 1477 1111116
231 1439 429 1491 quoque
455 1423 521 1476 ad
547 1422 869 1476 audientiam
895 1423 1121 1475 uestram
1140 1423 1446 1490 patientiam
1467 1422 1617 1475 uideo
1644 1438 1753 1475 esse
1778 1437 1952 1475 neces-

0 1530 34 1561 1»
73 1509 285 1573 33113111,
324 1509 383 1560 ut
422 1525 513 1562 1166
550 1508 644 1561 1166
684 1508 856 1576 ipsum
883 1508 1017 1575 quod
1043 1508 1236 1561 auditis
1264 1509 1315 1561 et
1342 1508 1542 1561 discitis
1569 1508 1676 1561 sine
1701 1509 1954 1576 patientia

0 1588 22 1657 ζῇ
71 1594 234 1648 facere
259 1595 504 1663 possitis?
531 1597 654 1648 tunc
680 1596 816 1647 enim
843 1595 1053 1647 demum
1079 1611 1244 1648 sermo
1271 1597 1322 1647 et
1349 1595 1483 1648 ratio
1510 1595 1751 1648 salutaris
1778 1595 1954 1649 effica-

0 1667 17 1767 Ξ
71 1681 200 1734 citer
225 1681 467 1745 discitur,
509 1683 552 1734 si
597 1682 853 1750 patienter
897 1682 1031 1749 quod
1075 1682 1265 1734 dicitur
1310 1682 1563 1734 audiatur.
1603 1698 1695 1735 nec
1729 1682 1953 1746 inueni0,

69 1767 252 1822 fratres
279 1768 630 1830 dilectissimi,
670 1769 805 1821 inter
843 1770 1034 1821 ceteras
1073 1768 1373 1835 disciplinae
1412 1769 1646 1822 caelestis
1685 1768 1797 1821 uias
1836 1768 1955 1835 qui-

0 1844 18 1914 ζ’,
69 1854 166 1907 bus
204 1855 269 1908 ad
308 1854 659 1922 consequenda
685 1855 937 1908 diuinitus
963 1856 1193 1923 praemia
1219 1856 1328 1923 spei
1355 1872 1411 1908 ac
1438 1855 1558 1908 fidei
1584 1855 1787 1908 nostrae
1814 1856 1954 1907 secta

0 1934 56 2013 ξιο
73 1942 318 2011 dirigitur
343 1941 466 2009 quid
492 1942 661 2010 magis
688 1940 758 1993 sit
784 1942 869 1992 uel
894 1941 1076 1994 utilius
1103 1942 1169 1994 ad
1195 1941 1363 1994 uitam
1401 1941 1486 1994 uel
1523 1941 1693 1994 maius
1732 1940 1798 1994 ad
1837 1942 1952 2009 glo-

0 2013 27 2116 }
70 2028 204 2082 riam
224 2045 380 2096 quam
406 2030 466 2081 ut
492 2028 580 2095 qui
606 2027 887 2095 praeceptis
915 2028 1186 2081 dominicis
1213 2029 1453 2096 obsequio
1480 2028 1683 2081 timoris
1711 2044 1769 2080 ac
1796 2027 1952 2079 deuo-

0 2115 10 2187 5
61 2115 229 2171 ..tionis
266 2115 541 2168 innitimur
578 2112 884 2182 patientiam
923 2116 1145 2167 maxime
1172 2116 1282 2169 tota
1308 2116 1666 2168 obseruatione
1692 2116 1949 2167 tueamur.

1 2190 7 2199 '
142 2203 291 2255 Hanc
335 2219 388 2255 se
433 2202 618 2254 sectari
662 2198 954 2269 philosophi
1001 2216 1198 2269 quoque
1224 2202 1553 2270 profitentur,
1595 2202 1683 2254 sed
1709 2201 1820 2252 tam
1845 2198 1956 2250 11116
1975 2198 2005 2249 2

73 2288 326 2356 patientia
352 2288 484 2341 falsa
521 2290 598 2340 est
636 2288 793 2355 quam
833 2290 884 2340 et
923 2287 1054 2341 falsa
1094 2290 1346 2355 sapientia
1385 2290 1477 2342 est.
1519 2289 1652 2340 unde
1692 2287 1829 2339 enim
1869 2286 1955 2337 uel

0 2377 56 2453 ξιτ»
73 2374 273 2442 sapiens
300 2390 408 2427 esse
435 2375 519 2426 uel
546 2375 745 2442 patiens
772 2374 934 2441 possit
960 2375 1049 2441 qui
1074 2390 1166 2427 1166
1192 2375 1501 2442 sapientiam
1528 2391 1621 2426 nec
1640 2372 1953 2441 patientiam

71 2459 169 2512 Dei
195 2460 378 2513 nouit?
406 2460 605 2527 quando
631 2461 739 2526 ipse
767 2460 828 2512 de
855 2460 935 2512 his
963 2461 1051 2527 qui
1079 2461 1179 2512 sibi
1206 2476 1378 2528 sapere
1405 2461 1458 2513 in
1484 2460 1675 2512 mundo
1714 2458 1959 2510 uidentur

70 2547 278 2598 moneat
321 2547 372 2598 et
417 2545 588 2598 dicat:
653 2546 920 2614 perdam
984 2547 1380 2613 sapientiam
1436 2544 1834 2613 sapientium
1891 2543 1958 2596 et

67 2621 491 2697 'prudentiam
530 2633 953 2699 prudentium
992 2648 1054 2685 re
1073 2633 1387 2700 probabO,
1446 2632 1575 2684 item
1613 2631 1794 2683 beatus
1831 2644 1955 2697 apo-

72 2717 235 2769 stolus
272 2717 466 2770 Paulus
510 2719 691 2784 plenus
736 2718 934 2785 Spiritu
979 2719 1152 2771 sancto
1197 2719 1248 2771 et
1291 2718 1534 2771 uocandis
1572 2716 1956 2783 formandisque

15 2825 60 2860 20
73 2803 314 2869 gentibus
344 2804 533 2856 missus
561 2805 878 2856 contestetur
905 2806 955 2857 et
981 2806 1207 2857 instruat
1234 2805 1434 2857 dicens:
1475 2804 1584 2856 uid
1598 2804 1696 2856 ete
1733 2818 1806 2855 ne
1846 2801 1955 2869 qui

244 2959 295 3001 17
328 2959 400 3002 Es.
423 2959 490 3011 29,
515 2960 581 3002 14.
671 2960 728 3003 20
758 2959 850 3004 Col.
872 2961 912 3012 2,
935 2961 962 3003 8
984 2974 1047 3017 311.

159 3114 340 3146 INCIPIT
383 3115 443 3145 DE
485 3115 626 3146 PATIA
662 3103 744 3155 W,
800 3115 981 3147 INCIPIT
1020 3116 1080 3146 DE
1120 3116 1377 3147 PATIENTIA
1423 3089 1512 3147 {KG
1540 3116 1655 3147 VITA
1686 3116 1740 3146 IN
1772 3086 1871 3145 x‘ffi
1891 3101 1952 3153 (ἡ

18 3181 22 3183 ’
68 3171 130 3228 ef.
159 3173 294 3230 Gypr.
328 3175 456 3230 epist.
481 3177 540 3218 73
571 3188 605 3218 c.
625 3177 713 3218 26:
747 3176 925 3230 propter
945 3174 1026 3218 hoc
1058 3175 1197 3218 etiam
1228 3175 1433 3219 libellum
1462 3188 1578 3218 nunc
1608 3175 1668 3218 de
1697 3174 1837 3217 bono
1868 3186 1955 3228 pa-

67 3243 317 3290 tientiae
350 3248 567 3302 quantum
598 3246 746 3290 ualuit
765 3248 920 3289 nostra
940 3246 1241 3291 mediocritas.
1262 3281 1270 3289 .
1291 3247 1656 3303 .conscripsimus
1741 3246 1771 3289 4
1791 3245 1955 3288 auden-

57 3315 180 3360 'tiam
202 3318 263 3362 W
349 3331 443 3362 esse
465 3330 546 3362 om.
574 3318 618 3361 V
698 3318 726 3361 5
755 3318 836 3361 hoc-
857 3331 938 3362 om.
966 3319 1031 3364 W
1115 3319 1139 3362 7
1171 3319 1324 3362 inueni
1344 3332 1368 3362 6
1392 3320 1454 3365 W
1537 3318 1566 3361 8
1596 3317 1800 3361 coelestis
1822 3316 1955 3359 disci-

0 3379 19 3405 ’Ᾰ
70 3386 217 3442 plinae
237 3403 264 3433 v
352 3389 409 3432 10
429 3389 631 3432 *sutilius
654 3390 718 3434 W
804 3389 858 3432 13
879 3391 1067 3447 quoque]
1090 3390 1253 3446 quique
1278 3391 1320 3434 V
1404 3391 1460 3433 14
1490 3392 1557 3433 est
1579 3394 1695 3444 (post
1716 3387 1955 3444 sapientia)

69 3469 148 3501 om.
180 3459 221 3502 G·
384 3460 438 3502 16
467 3461 561 3516 ipse
584 3462 666 3516 W,
698 3461 792 3517 ipse
812 3449 894 3505 dns
926 3460 988 3513 G,
1021 3474 1102 3504 om.
1125 3475 1151 3504 v
1295 3461 1383 3517 his]
1407 3461 1465 3503 iis
1487 3475 1512 3504 v
1659 3459 1711 3502 17
1744 3459 1838 3514 ipse
1862 3471 1954 3501 mo-

68 3531 174 3573 neat
194 3545 220 3574 v
365 3531 595 3575 hominum
619 3532 890 3588 sapientium
915 3532 958 3575 V
1128 3533 1186 3575 20
1216 3534 1491 3576 contestatur
1513 3534 1558 3574 et
1579 3532 1769 3575 instruit
1797 3531 1859 3574 ΘΙ

0 3625 2 3628 v
75 3600 172 3654 quis
200 3600 268 3645 Gv
