2332 3978
614 276 689 321 De
718 276 855 320 bono
884 276 1219 333 patientiae
1249 290 1283 321 c.
1316 277 1499 322 22-24.
1921 282 2032 336 415

151 407 349 464 adorari
369 408 422 461 et
441 405 702 474 apostolus
721 405 918 459 Paulus
936 405 1102 459 diuini
1122 407 1380 476 praecepti
1404 423 1603 462 memor
1626 408 1771 476 ponit
1797 410 1849 463 et
1874 410 2027 464 dicit:

10 496 15 573 j
38 473 81 566 ἐξ)
149 496 322 550 Deus
373 491 699 547 exaltauit
753 492 952 545 illum
1007 493 1069 546 et
1123 493 1403 547 donauit
1449 494 1563 547 illi
1600 510 1823 550 nomen
1861 497 2030 564 quod

148 582 244 637 est
279 595 471 649 super
516 594 694 632 omne
742 593 988 644 nomen,
1051 579 1120 631 ut
1174 578 1242 631 in
1294 579 1548 632 nomine
1603 581 1757 635 Iesu
1814 598 2029 636 omnes

10 673 69 741 3
147 682 310 737 genu
348 665 619 719 curuent
656 664 1072 729 caelestium,
1135 665 1573 718 terrestrium
1629 667 1689 719 et
1745 668 2029 722 inferno-

7 735 62 805 Ξῖ
90 779 112 814 ⁵
146 769 296 808 rum.
350 749 420 823 et]
449 751 505 804 in
529 750 844 820 Apocalypsi
870 750 1084 820 angelus
1121 751 1338 804 Iohanni
1375 752 1572 806 uolenti
1610 752 1817 806 adorare
1855 770 1908 807 se
1944 771 2028 808 re-

9 822 75 906 ξ
145 839 287 893 sistit
330 834 383 892 et
426 837 585 891 dicit:
649 837 796 891 uide
832 853 906 891 ne
952 836 1221 903 feceris,
1285 838 1437 906 quia
1474 853 1830 892 conseruus
1868 841 2025 895 tuus

0 923 70 1000 ’,ι
144 941 286 980 sum
341 924 404 977 et
458 922 738 977 fratrum
793 925 1070 977 tuorum.
1147 923 1360 976 Iesum
1414 924 1759 978 Dominum
1817 928 2023 980 adora.

142 1010 309 1080 qualis
333 1010 477 1063 Iesus
501 1009 754 1063 Dominus
781 1010 834 1062 et
870 1009 1062 1077 quanta
1098 1009 1351 1077 patientia
1387 1010 1448 1063 ut
1485 1010 1575 1078 qui
1612 1011 1667 1064 in
1706 1012 1862 1066 caelis
1900 1014 2025 1067 ado-

0 1105 74 1166 35:
140 1097 284 1150 ratur
306 1096 526 1149 necdum
550 1095 846 1149 uindicetur
869 1082 924 1148 in
948 1095 1117 1148 terris
1166 1095 1321 1148 huius
1345 1095 1680 1163 patientiam,
1720 1097 1906 1152 fratres
1944 1099 2024 1152 di-

0 1170 128 1254 ξςῖὲιο
139 1183 438 1248 lectissimi,
477 1183 532 1236 in
568 1181 1010 1253 persecutionibus
1049 1182 1102 1235 et
1136 1181 1461 1248 passionibus
1487 1184 1678 1238 nostris
1718 1185 2024 1254 cogitemus

137 1269 290 1323 huius
315 1268 563 1323 aduentui
605 1268 817 1337 plenum
844 1267 1209 1336 expectationis
1235 1267 1539 1335 obsequium
1564 1270 1901 1337 praebeamus
1926 1288 2023 1326 nec

10 1346 20 1426 f
63 1358 67 1367 ’
139 1355 342 1410 defendi
379 1356 498 1409 ante
522 1355 805 1408 Dominum
843 1354 982 1408 serui
1008 1353 1309 1422 inreligiosa
1349 1356 1399 1409 et
1435 1355 1780 1410 inuerecunda
1805 1356 2021 1411 festina-

136 1443 275 1497 tione
299 1457 644 1511 properemuS.
683 1441 986 1495 insistamus
1022 1441 1195 1510 potius
1232 1443 1283 1495 et
1308 1443 1630 1496 elaboremus
1658 1443 1710 1496 et
1735 1442 1844 1496 toto
1871 1445 2022 1498 corde

4 1520 43 1602 '2ng
137 1528 418 1599 uigilantes
443 1528 609 1596 adque
645 1527 711 1581 ad
747 1542 952 1581 omnem
976 1527 1308 1581 tolerantiam
1336 1527 1553 1581 stabiles
1583 1528 1843 1582 dominica
1867 1546 2020 1598 prae-

2 1604 4 1607 ’
55 1599 124 1681 ’15
138 1616 285 1684 cepta
329 1630 614 1680 seruemuS‚
672 1615 734 1667 ut
778 1629 896 1666 cum
939 1613 1030 1666 ille
1055 1612 1162 1667 irae
1189 1614 1241 1667 et
1263 1614 1522 1667 uindictae
1550 1615 1658 1668 dies
1685 1617 1890 1670 uenerit
1915 1633 2017 1670 non

10 1700 21 1764 ,ᾗ
134 1717 252 1755 cum
277 1701 453 1769 impiis
479 1702 532 1755 et
556 1700 912 1769 peccatoribus
937 1699 1241 1768 puniamur,
1281 1701 1370 1753 sed
1409 1717 1528 1754 cum
1569 1701 1726 1755 iustis
1766 1703 1819 1755 et
1847 1702 2018 1756 Deum

12 1818 16 1846 ς
57 1772 67 1834 Ῐ·
134 1788 443 1842 timentibus
468 1788 790 1850 honoremur.

305 1946 333 1990 2
362 1945 480 1990 Phil.
503 1946 543 1999 2,
566 1946 594 1989 9
615 1958 679 2002 sq.
770 1945 797 1987 6
828 1946 960 2001 Apoc.
983 1945 1054 1998 22,
1078 1946 1118 1988 9.

218 2091 248 2135 2
276 2090 392 2147 quod
412 2090 497 2146 est]
529 2089 585 2133 ad
609 2089 694 2134 hoc
721 2090 775 2133 ut
809 2089 871 2133 sit
895 2089 954 2142 V,
986 2090 1039 2133 ut
1060 2089 1122 2132 sit
1149 2088 1418 2145 Cyprianus
1441 2092 1542 2133 test.
1571 2089 1636 2134 II
1649 2092 1726 2143 13,
1761 2091 1856 2135 III
1873 2094 1934 2136 39

62 2178 66 2187 ·
135 2162 164 2207 3
191 2175 342 2206 omnes
369 2161 429 2215 V,
461 2174 588 2205 omne
608 2175 636 2205 v
769 2162 799 2206 4
827 2162 1013 2205 curuent
1035 2161 1081 2206 V
1101 2165 1213 2207 teste
1237 2161 1466 2219 Rigaltio,
1502 2162 1686 2207 flectant
1714 2161 1758 2205 V
1774 2167 1884 2208 teste
1906 2165 2021 2208 libro

48 2278 50 2283 .
142 2234 394 2292 Goettiny„
424 2234 631 2278 flectatur
651 2248 678 2278 υ
793 2235 822 2278 5
851 2234 1023 2278 uolenti
1043 2234 1230 2279 iohanni
1258 2235 1299 2281 G
1408 2250 1453 2280 se
1481 2236 1662 2281 adorare
1688 2235 1731 2279 V
1844 2237 1871 2279 8
1902 2237 2022 2280 iesus

46 2311 70 2350 7¹:
135 2295 217 2351 dn}
237 2306 320 2359 W,
351 2306 426 2350 hic
446 2294 527 2349 diss
556 2305 616 2359 G,
647 2305 742 2349 iesu
761 2305 930 2349 domini
961 2306 1006 2350 V
1145 2307 1370 2362 patientia
1401 2308 1494 2351 eius
1518 2322 1544 2353 v
1689 2308 1744 2352 13
1775 2309 1924 2351 autem
1946 2321 2021 2363 po-

2 2376 9 2429 }
62 2407 69 2418 =.
134 2377 228 2422 tius
255 2377 298 2423 G
381 2378 632 2422 laboremus
659 2377 704 2422 V
787 2378 844 2422 14
874 2378 1016 2434 adque
1037 2391 1118 2423 om.
1145 2380 1211 2424 W
1310 2380 1366 2423 15
1395 2380 1593 2424 euenerit
1622 2379 1684 2424 &⁷²
1804 2393 1865 2423 DE
1896 2393 2020 2424 BONO

5 2475 8 2484 ·
56 2504 61 2510 „
135 2461 421 2495 ΡΑΉΕΝΤΙΑΕ
450 2463 669 2495 nxrmcm:
695 2451 777 2504 W,
809 2462 963 2495 cucur
994 2463 1211 2496 crrnrAm
1241 2465 1302 2495 m:
1333 2465 1590 2496 PATIENTIA
1620 2464 1838 2497 Exrmcrr
1868 2453 1909 2497 G
