2332 3978
312 275 420 330 720
880 340 882 342 ¹
985 271 1228 321 Caecilii
1257 271 1533 330 Cypriani

313 403 542 474 imagine
589 404 709 457 ante
752 403 1115 470 praemissum,
1158 402 1262 456 sedx
1291 403 1529 456 ueniente
1564 393 1768 457 Christo
1812 402 2033 456 ueritate
2076 416 2199 456 con<-
2243 395 2257 466 ss

318 490 538 557 pletum.-
564 505 686 542 nam
713 488 835 556 quia
860 489 1074 542 octauus
1101 488 1210 542 dies
1236 487 1291 541 id
1317 488 1396 542 est
1420 488 1538 556 post
1563 488 1838 542 sabbatum
1862 489 2061 558 primus
2087 488 2203 542 dies
2243 479 2255 561 's

318 574 526 628 futurus
566 575 677 627 erat
717 589 815 641 quo
841 575 1094 628 Dominus
1132 575 1439 651 resurgeretx
1462 575 1514 627 et
1550 590 1641 628 nos
1679 574 1972 628 ui'uificaret
2007 575 2060 628 et
2098 575 2198 628 cir·
2273 644 2275 646 Ι

319 661 685 714 cumcisionem
722 661 870 714 nobis
895 661 1187 728 spiritalem
1215 660 1377 725 daret,
1413 661 1498 714 hic
1524 659 1633 713 dies
1660 661 1873 714 octauus
1898 660 1954 713 id
1979 663 2058 715 est
2081 661 2201 730 post
2265 663 2268 666 ’

319 745 596 800 sabbatum
653 746 853 814 primus
904 748 956 799 et
1005 746 1294 800 dominicus
1344 746 1625 815 praecessit
1673 747 1726 800 in
1775 735 2019 816 imagine.
2072 763 2202 814 quae
2214 762 2243 795 ,6
2278 795 2279 801 ,

318 833 492 902 imago
527 833 749 886 cessauit
783 833 1174 901 superueniente
1208 833 1541 901 postmodum
1575 833 1799 887 ueritate
1826 834 1886 886 et
1911 834 2032 886 data,
2055 834 2203 887 nobis
2277 867 2279 871 ι
2331 871 2332 874 ¹

322 919 548 987 spiritali
575 919 978 972 circumcisione.

276 1016 303 1065 5
394 1005 613 1074 Propter
633 1005 770 1072 quod
788 1006 1050 1061 neminem
1069 1007 1315 1073 putamus
1335 1022 1365 1058 a
1377 1007 1548 1074 gratia
1569 1006 1923 1074 consequenda
1940 1005 2206 1074 inpedien-

324 1092 450 1144 dum
491 1107 599 1145 esse
626 1107 685 1144 ea
709 1091 823 1160 lege
862 1107 991 1158 quae
1029 1091 1137 1144 iam
1182 1092 1380 1145 statuta
1416 1094 1509 1156 est,
1548 1108 1639 1145 nec
1665 1092 1957 1160 spiritalem
1983 1092 2206 1145 circum·
2288 1108 2291 1109 ⁷

325 1178 567 1231 cisionem
622 1169 851 1244 inpediri
911 1178 1108 1230 carnali
1166 1179 1551 1231 circumcisione
1602 1179 1799 1244 debere,
1863 1180 1953 1231 sed
2001 1194 2205 1231 omnem
2225 1184 2309 1226 ω’

325 1255 531 1318 omnino
568 1264 951 1317 admittendum
987 1279 1095 1316 esse
1122 1265 1186 1317 ad
1212 1265 1438 1333 gratiam
1464 1263 1674 1329 Christi,
1713 1266 1915 1332 quando
1942 1267 1995 1318 et
2018 1263 2208 1318 Petrus

326 1351 379 1402 in
405 1352 533 1403 actis
561 1350 911 1418 apostolorum
936 1350 1181 1417 loquatur
1207 1352 1259 1403 et
1286 1351 1451 1404 dicat:
1492 1352 1803 1405 Dominus
1841 1351 2000 1404 mihi
2039 1350 2211 1403 dixit

326 1437 644 1490 neminem
687 1437 1016 1489 hominum
1054 1452 1449 1490 communem
1487 1439 1826 1491 dicendum
1866 1440 1928 1490 e't
1965 1438 2211 1490 inmun-

328 1525 487 1576 dum.
542 1525 769 1576 ceterum
815 1523 858 1574 si
901 1523 1133 1575 homines
1177 1524 1408 1592 inpedire
1451 1525 1648 1591 aliquid
1693 1525 1758 1576 ad
1802 1524 2212 1577 consecutionem

328 1610 528 1678 gratiae
566 1610 754 1677 posset,
794 1610 962 1678 magis
1002 1609 1208 1662 adultos
1235 1611 1287 1662 et
1311 1612 1580 1676 prouectos
1607 1614 1659 1663 et
1684 1611 1902 1663 maiores
1942 1611 2070 1663 natu
2096 1624 2214 1676 pos·
2231 1623 2274 1654 1⁵

332 1698 445 1749 sent
472 1696 704 1763 inpedire
731 1697 939 1762 peccata
966 1696 1221 1764 grauiora.
1250 1711 1399 1766 porro
1427 1699 1603 1750 autem
1631 1698 1675 1749 si
1703 1698 1860 1750 etiam
1888 1696 2215 1765 grauissimis

333 1782 668 1835 delictoribus
696 1782 827 1834 etin
855 1784 1023 1835 Deum
1065 1784 1295 1835 multum
1335 1785 1452 1836 ante
1490 1784 1841 1850 peccantibus,
1884 1799 2000 1836 cum
2039 1783 2217 1850 postea

333 1868 661 1932 crediderint,
714 1869 930 1921 remissa
980 1870 1307 1936 peccatorum
1358 1869 1512 1922 datur
1562 1871 1614 1922 et
1664 1887 1694 1923 a
1742 1870 2002 1937 baptismo
2053 1869 2217 1934 adque

335 1956 506 2023 gratia
543 1971 691 2008 nemo
732 1955 1049 2021 prohibetur,
1094 1957 1286 2023 quanto
1329 1958 1498 2025 magis
1536 1957 1797 2023 prohiberi
1832 1971 1931 2008 non
1958 1956 2111 2008 debet
2136 1954 2217 2006 in-

335 2041 448 2093 fans
486 2042 573 2108 qui
611 2057 784 2094 recens
820 2044 971 2093 natus
997 2042 1128 2093 nihil
1155 2043 1409 2109 peccauit,
1446 2043 1548 2095 nisi
1576 2043 1712 2109 quod
1738 2043 2018 2096 secundum
2046 2041 2216 2094 Adam
2232 2056 2281 2087 20

337 2128 609 2179 carnaliter
659 2128 811 2180 natus
863 2129 1158 2196 contagium
1209 2129 1394 2181 mortis
1439 2129 1688 2195 antiquae
1728 2130 1897 2196 prima
1940 2128 2219 2181 natiuitate

337 2215 607 2277 contraxit,
655 2214 743 2280 qui
788 2215 851 2266 ad
895 2215 1168 2267 remissam
1211 2216 1536 2282 peccatorum
1582 2216 1927 2282 accipiendam
1973 2215 2066 2266 hoc
2109 2215 2220 2282 ipso

512 2384 565 2426 12
597 2384 695 2427 Act.
731 2384 798 2436 10,
830 2385 896 2428 28.

430 2545 453 2586 1
477 2546 521 2585 in
546 2543 743 2600 imagine
772 2543 845 2595 Cv,
868 2544 1092 2601 iamagine
1113 2545 1159 2589 R
1362 2547 1409 2589 in
1431 2547 1622 2589 ueritate
1652 2546 1733 2590 CR
1933 2546 1960 2588 2
1982 2543 2087 2599 quia
2108 2555 2222 2586 corr.

343 2617 394 2659 in
417 2617 493 2671 qui
522 2617 559 2660 C
775 2618 981 2659 octauum
1003 2617 1120 2660 diem
1141 2619 1188 2662 R
1400 2618 1446 2662 id
1468 2620 1536 2661 est
1561 2652 1568 2659 .
1590 2651 1596 2656 .
1618 2652 1625 2659 .
1652 2619 1679 2659 l.
1704 2622 1732 2660 4
1753 2619 1934 2660 octauus
1955 2615 2002 2658 id
2022 2628 2103 2657 om.
2136 2614 2173 2657 G

344 2688 578 2730 abblatum
601 2688 644 2731 R
668 2689 772 2731 item
795 2689 820 2730 Z.
847 2691 874 2731 5
1019 2689 1046 2731 3
1068 2690 1169 2745 quo]
1195 2689 1312 2745 quod
1334 2691 1440 2733 LM
1460 2694 1562 2745 (quo
1591 2690 1644 2745 Q)
1791 2690 1817 2731 5
1839 2687 2081 2743 imaginem
2111 2686 2166 2729 (1ι

345 2763 367 2803 7
393 2761 594 2815 spiritale
623 2762 659 2804 C
668 2761 726 2803 1Ρ
933 2761 960 2803 8
982 2761 1039 2803 ad
1061 2762 1253 2817 gratiam
1279 2762 1628 2817 consequendam
1656 2761 1735 2805 CR
1946 2760 1972 2801 9
1995 2758 2061 2814 ea]
2083 2771 2108 2799 a
2136 2756 2172 2800 Ο

344 2834 399 2876 10
421 2847 445 2875 a
467 2832 635 2875 carnali
658 2834 712 2884 P,
737 2832 974 2875 carnaliter
1003 2833 1039 2877 (J
1230 2834 1605 2877 circumcisionem
1627 2833 1783 2877 L¹CR
1973 2830 2151 2873 deberet
2179 2828 2225 2879 Ο,

345 2905 551 2960 impediri
573 2904 729 2947 debere
752 2905 797 2948 R
894 2905 1035 2961 omne]
1059 2919 1186 2948 omne
1206 2907 1433 2948 nominum
1455 2907 1500 2950 R
1597 2906 1649 2948 11
1672 2905 1848 2947 omnino
1877 2899 2229 2958 CLPMQ¹RV,

347 2977 525 3019 omnino
546 2977 768 3019 hominem
799 2975 884 3032 Q²v
1062 2978 1116 3020 12
1139 2980 1264 3021 actus
1295 2977 1331 3034 Q
1506 2979 1560 3021 13
1582 2978 1811 3020 hominum
1833 2976 1981 3026 LPV,
2005 2973 2229 3016 hominem

354 3049 475 3100 CRv,
499 3062 578 3091 om.
603 3049 640 3105 Q
767 3051 813 3091 et
831 3063 886 3092 6oe
902 3062 995 3092 esse
1019 3051 1055 3094 C
1180 3051 1235 3093 14
1251 3052 1445 3093 ceterum
1465 3083 1474 3091 .
1494 3085 1501 3091 .
1522 3084 1529 3091 .
1543 3063 1593 3104 p.
1613 3052 1750 3103 721,2
1770 3048 1917 3091 aliena
1935 3047 2118 3102 peccata
2134 3045 2229 3087 emh.

349 3122 644 3177 Aayustmus
688 3122 860 3165 Contra
896 3122 1014 3165 duas
1052 3122 1177 3176 epist.
1215 3123 1372 3178 Pelay.
1412 3122 1492 3165 IV
1514 3123 1576 3164 23
1598 3139 1652 3152 z
1673 3121 1739 3163 A¹
1776 3125 1819 3163 et
1856 3119 2028 3164 Contra
2060 3116 2230 3159 Iulian.

350 3194 508 3249 Pelay.
533 3193 567 3235 I
586 3196 613 3235 6
634 3213 690 3226 :t
711 3194 778 3235 A‘2
894 3193 1088 3250 inpediri
1110 3194 1154 3236 L
1286 3194 1341 3236 15
1362 3195 1539 3249 possent
1561 3192 1777 3249 CLPQR
1893 3190 2045 3233 adulto
2067 3191 2113 3231 et
2132 3201 2231 3243 pro-

349 3268 504 3309 uectus
533 3265 570 3309 C
800 3266 854 3309 16
883 3279 1012 3322 porro
1044 3279 1183 3320 usque
1214 3266 1276 3308 ad
1306 3267 1442 3319 finem
1472 3266 1568 3308 each.
1591 3265 1905 3319 Hieronymus
1934 3261 2041 3304 adu.
2069 3260 2227 3316 Pelay.

344 3352 392 3393 p.
418 3340 504 3380 545
524 3358 581 3371 z
601 3339 659 3381 H
826 3337 963 3380 etiam
984 3351 1066 3380 om.
1089 3338 1155 3379 Α2
1330 3337 1382 3380 17
1405 3336 1666 3379 delictorum
1697 3336 1733 3380 G
1894 3333 2036 3376 multo
2057 3331 2182 3375 A²H

352 3410 407 3452 18
428 3409 710 3453 crediderunt
732 3409 775 3452 L
998 3409 1202 3452 remissio
1224 3410 1281 3452 H
1497 3408 1637 3464 adque
1669 3404 2085 3463 GLPQRA¹A²H,
2110 3404 2156 3446 et
2182 3402 2233 3454 V,

353 3484 486 3536 atque
507 3494 534 3523 a
553 3495 579 3525 v
772 3481 827 3524 19
848 3481 1022 3537 gratiae
1044 3481 1087 3524 L
1274 3481 1329 3524 21
1351 3480 1491 3535 prime
1520 3480 1572 3524 Οι
1762 3478 1819 3521 22
1840 3476 1936 3533 qui]
1959 3487 2070 3532 quae
2091 3473 2136 3518 R
2156 3473 2236 3517 sed

353 3567 436 3596 uae
455 3568 489 3597 s.
513 3554 540 3596 l.
715 3553 902 3596 remissa
923 3553 1068 3610 LPQ,
1089 3552 1393 3596 remissionem
1413 3552 1471 3595 H
