2332 3978
309 299 416 352 448
980 294 1217 339 Caecilii
1249 293 1519 351 Cypriani

309 427 497 495 phema
521 440 614 478 sua
639 426 1056 494 praesumptione
1081 423 1343 492 purificati
1368 423 1569 490 possint
1589 421 1814 490 Spiritus
1839 422 2007 476 sancti
2032 421 2199 493 gloria
2276 403 2278 406 ¹

309 512 589 566 reformari.

932 671 1147 721 Libosus
1175 685 1207 720 a
1232 671 1382 733 Vaga
1408 669 1563 718 dixit:

221 782 289 832 3ο
380 772 437 822 In
465 769 732 838 euangelio
753 770 1031 832 DominuS,
1061 782 1171 837 ego
1198 783 1357 831 sum,
1386 766 1579 834 inquit,
1608 766 1871 820 ueritas,
1912 782 2014 820 non
2033 766 2191 820 dixit:

309 872 401 926 ego
429 872 545 909 sum
571 857 899 909 consuetudo„
940 855 1115 921 itaque
1159 854 1379 906 ueritate
1420 852 1755 907 manifestata
1792 853 1940 907 cedat
1981 868 2193 906 consue·
2232 870 2254 902 5

307 942 432 995 tudo
460 943 695 1004 ueritati,
744 944 803 994 ut
842 941 938 994 etsi
978 941 1031 993 in
1069 940 1408 1008 praeteritum
1448 940 1563 1006 quis
1588 939 1643 991 in
1669 939 1882 993 ecclesia
1907 939 2192 994 haereticos

306 1043 406 1081 non
438 1028 755 1095 baptizabat,
795 1043 929 1079 1111116
957 1027 1218 1094 baptizare
1246 1025 1475 1092 incipiat.

872 1201 1090 1250 Leucius
1118 1215 1149 1249 a
1174 1200 1432 1249 Thebeste
1462 1200 1621 1249 dixit:

217 1305 279 1356 31
379 1300 678 1353 Haeretieos
706 1299 1032 1365 blasphemos
1059 1299 1224 1365 adque
1250 1298 1453 1365 iniquos
1479 1298 1653 1351 uerbis
1688 1297 1837 1351 uanis
1864 1298 2189 1366 decerpentes
2327 1350 2332 1371 Γ

303 1387 481 1439 sancta
520 1387 570 1439 et
615 1386 897 1439 adorabilia
943 1385 1317 1453 scripturarum
1362 1385 1520 1438 uerba
1564 1385 1896 1439 exsecrandos
1933 1400 2109 1438 censeo
2137 1386 2255 1437 et1o
2328 1411 2332 1414 -

302 1473 416 1525 ideo
445 1473 799 1525 exorcizandos
827 1474 877 1525 et
905 1472 1257 1539 baptizandos

816 1649 1082 1712 Eugenius
1111 1648 1175 1698 ab
1200 1649 1509 1698 Ammedera
1535 1649 1689 1699 dixit:

218 1747 283 1796 32
377 1747 445 1798 'Et
474 1761 565 1815 ego
593 1747 686 1798 hoc
714 1747 852 1799 idem
880 1762 1055 1799 censeo
1083 1747 1365 1799 haereticos
1392 1747 1730 1814 baptizandos
1757 1764 1881 1802 esse.

715 1924 850 1972 Item
878 1924 1010 1973 alius
1037 1924 1185 1973 Felix
1213 1938 1243 1972 a
1270 1925 1587 1975 Bamaccora
1614 1925 1774 1975 dixit:

217 2017 282 2068 33
375 2024 504 2076 Ecce
533 2023 739 2074 secutus
774 2021 1070 2074 diuinarum
1110 2022 1483 2090 scripturarum
1522 2023 1886 2076 auctoritatem
1923 2023 2191 2090 baptizan-
2210 2044 2250 2075 15

304 2109 393 2162 dos
439 2110 721 2161 haereticos
769 2124 875 2161 esse
922 2124 1123 2168 censeo,
1165 2109 1254 2161 sed
1293 2112 1344 2161 et
1382 2125 1467 2161 eos
1506 2110 1594 2176 qui
1634 2109 1990 2162 schismaticos
2017 2109 2190 2176 bapti-

303 2198 441 2248 zatos
470 2211 521 2247 se
562 2211 668 2248 esse
708 2196 1036 2248 contendunt.
1080 2197 1123 2247 si
1151 2197 1288 2248 enim
1317 2197 1599 2249 secundum
1626 2198 1837 2249 cautum
1864 2195 2058 2249 Christi
2084 2196 2192 2262 pri-

302 2283 455 2333 uatus
483 2282 593 2334 fons
620 2284 790 2334 noster
818 2284 921 2343 est,
962 2283 1271 2350 intellegant
1300 2283 1471 2335 eunoti
1500 2283 1740 2336 ecclesiae
1767 2284 1970 2335 nostrae
1998 2282 2183 2335 aduer-

475 2456 499 2497 4
536 2455 593 2496 lo.
620 2455 685 2503 14,
711 2455 750 2495 (i.

391 2599 408 2639 '1
438 2611 540 2640 suae
559 2599 653 2652 (sua
673 2599 733 2654 L)
750 2600 1124 2654 praesumptionis
1138 2599 1240 2650 LA,
1260 2612 1364 2641 suae
1382 2599 1741 2655 praesumptione
1758 2614 1784 2643 υ
1872 2600 2058 2655 possunt
2077 2599 2115 2643 S

303 2669 448 2719 gloria
472 2671 566 2712 LT
581 2675 622 2713 et
645 2671 773 2714 codd.
799 2672 943 2727 Auy.,
977 2672 1166 2727 gloriam
1190 2672 1245 2723 S,
1279 2673 1429 2727 gratia
1450 2673 1522 2716 Av
1638 2673 1665 2714 3
1697 2671 1879 2727 libosus]
1904 2672 2128 2715 confessor
2150 2674 2196 2715 et

303 2743 474 2795 martyr
499 2743 544 2784 in
566 2743 693 2785 nouis
716 2745 831 2786 areis
852 2744 1027 2799 positus
1050 2744 1218 2786 libosus
1248 2745 1291 2786 V
1374 2745 1510 2800 uaga]
1534 2757 1651 2800 gana
1677 2745 1716 2785 Τ
1806 2744 1834 2786 5
1864 2745 2032 2787 ueritas
2054 2746 2122 2787 est
2144 2747 2195 2788 ut

303 2814 435 2866 (man.
459 2828 493 2856 6.
517 2828 550 2856 c.
576 2814 764 2857 ueritati
786 2817 892 2869 om.)
921 2816 963 2858 V
1118 2816 1412 2859 manifestata
1432 2816 1573 2860 ST2A
1596 2817 1676 2871 (cf.
1700 2816 1819 2872 Any.
1845 2817 1916 2859 zib.
1941 2817 2043 2868 III,
2066 2820 2106 2868 6,
2131 2819 2194 2871 9),

302 2887 543 2929 manifesta
566 2887 700 2930 LT¹2·
818 2888 1086 2930 consuetudo
1110 2889 1311 2945 ueritati]
1335 2889 1630 2932 mansuetudo
1661 2888 1814 2943 itaque
1836 2889 2031 2932 ueritate
2053 2889 2196 2931 mani-

304 2959 470 3002 festata
491 2959 619 3001 cedat
643 2959 678 3001 S
755 2961 781 3002 6
804 2960 870 3015 ut]
894 2960 1039 3002 iustae
1068 2962 1106 3002 Τ
1176 2960 1263 3003 etsi
1281 2974 1336 3004 em
1358 2963 1428 3003 est
1446 2962 1561 3004 Lm.
1581 2963 1613 3003 2
1702 2961 1726 3003 7
1750 2960 1952 3016 baptizat
1969 2961 2022 3012 T,
2048 2960 2195 3015 bapti-

303 3032 408 3074 zant
431 3030 469 3073 S
553 3031 775 3086 incipiant
799 3031 835 3074 S
936 3032 963 3073 8
994 3033 1163 3075 leucius
1188 3033 1315 3076 SLT
1334 3038 1376 3076 et
1398 3033 1525 3076 codd.
1550 3034 1671 3089 Auy.
1687 3067 1696 3085 ‚
1727 3033 1872 3076 lucius
1894 3047 1942 3083 υ,
1974 3032 2195 3075 confessor

303 3105 348 3145 et
370 3104 542 3158 martyr
564 3102 613 3145 in
634 3102 775 3145 fausti
797 3103 970 3158 positus
992 3103 1163 3146 leucius
1192 3105 1235 3147 V
1321 3105 1523 3148 thoueste
1547 3105 1659 3156 LV,
1692 3104 1902 3148 thaueste
1928 3105 1969 3145 T
2049 3104 2076 3146 9
2108 3103 2194 3146 1111-

302 3187 388 3230 quo
409 3174 542 3217 uerbo
566 3174 604 3217 S
717 3175 864 3230 uanis]
888 3175 1029 3218 uariis
1052 3176 1124 3219 Av
1244 3177 1299 3219 11
1332 3176 1664 3220 exorcidiandos
1687 3176 1725 3219 S
1732 3194 1742 3228 ;
1774 3176 2086 3232 resipiscentes
2107 3189 2139 3218 s.
2165 3175 2194 3218 l.

302 3247 410 3289 add.
440 3248 550 3290 Tm.
567 3251 597 3290 2
684 3247 980 3303 baptizandos
1003 3261 1097 3290 6336
1125 3249 1188 3292 Τυ
1309 3250 1364 3292 13
1395 3249 1643 3293 haereticos
1666 3249 1875 3292 uidelicet
1901 3250 1943 3291 T
2054 3248 2109 3291 14
2139 3248 2195 3290 ab

304 3332 508 3362 amaeora
529 3319 596 3371 L,
631 3319 951 3363 abbamaccora
977 3321 1033 3371 T,
1067 3320 1123 3363 ab
1145 3333 1378 3364 amaccura
1398 3322 1472 3366 Av
1488 3339 1504 3377 ,·
1553 3322 1612 3376 cf.
1630 3321 1846 3365 Morcelli
1865 3320 2015 3374 Afric.
2038 3320 2194 3363 christ.

302 3393 337 3434 I
349 3405 392 3446 p.
412 3394 472 3434 95
560 3391 616 3434 15
646 3404 743 3435 6666
765 3391 819 3443 S,
851 3393 898 3434 et
918 3391 1013 3446 ipse
1035 3392 1168 3443 LTv,
1203 3394 1248 3435 et
1269 3406 1349 3448 ego
1372 3393 1469 3449 ipse
1491 3394 1720 3437 Baluziws
1810 3393 1864 3436 16
1896 3392 1974 3447 qui
1996 3405 2041 3434 se
2062 3393 2107 3434 A

302 3462 610 3506 schismaticos
634 3463 688 3515 S,
722 3467 831 3518 aput
852 3463 940 3507 sch.
966 3463 1152 3519 LTAv;
1185 3465 1245 3518 cf.
1267 3470 1380 3509 sent.
1401 3468 1463 3509 72
1577 3464 1849 3521 baptizando
1871 3465 1934 3507 L*
2064 3463 2117 3506 17
2149 3474 2196 3505 se

302 3547 383 3577 om.
410 3534 602 3578 SLT¹A
