2332 3978
1352 151 1363 176 Ι

623 209 629 217 ’
665 224 960 281 Epistulae
989 225 1185 270 XLIII.
1217 239 1252 270 c.
1282 228 1406 271 2-5.
1851 231 1956 283 593

95 381 114 385 n
167 342 307 418 ‘Quas
343 369 478 406 nunc
513 347 699 419 paenas
736 352 919 420 patior,
958 352 1143 422 fratres
1180 355 1448 420 carissimi,
1487 356 1619 423 quod
1643 356 1751 424 ipse
1776 357 1840 410 ad
1866 372 1956 410 uos
1972 357 2002 407 4

98 438 555 509 inpraesentiarum
580 437 752 490 uenire
779 452 879 490 non
914 431 1137 506 possum,
1175 440 1285 506 ipse
1321 440 1547 509 singulos
1585 440 1815 512 adgredi,
1850 443 1957 510 ipse

98 541 190 580 uos
227 524 507 578 secundum
532 523 741 577 Domini
779 525 831 577 et
868 524 1123 593 euangelii
1161 525 1270 578 eius
1307 527 1664 595 magisterium
1689 527 1958 581 cohortari.

98 618 209 664 non*
251 609 518 663 suffecerat
572 609 783 663 exilium
838 610 944 663 iam
997 610 1172 664 bienni
1223 613 1275 664 et
1310 628 1352 664 a
1398 612 1629 666 uultibus
1683 614 1844 679 adque
1894 614 1958 666 ab

16 715 84 754 ,ἵε
99 696 258 751 oculis
305 696 492 748 uestris
538 695 774 764 lugubris
822 696 1089 762 separati0,
1140 696 1282 750 dolor
1329 697 1466 767 iugis
1513 699 1564 750 et
1600 699 1823 767 gemitus
1871 699 1959 766 qui

95 797 179 835 me
203 781 371 835 solum
397 781 505 833 sine
530 780 677 832 uobis
704 781 946 834 continua
981 782 1352 835 lamentatione
1390 782 1683 847 discruciat,
1721 784 1961 837 lacrimae

97 867 276 921 diebus
302 865 620 933 ac‚noctibus
646 866 970 935 profluenteS,
1009 869 1142 934 quod
1169 869 1419 921 sacerdoti
1445 884 1596 935 quem
1621 870 1765 921 tanto
1792 885 1962 922 amore

96 956 149 1008 et
183 953 360 1006 ardore
405 945 601 1005 fecistis
647 951 866 1005 necdum
904 967 994 1004 uos
1032 953 1257 1006 salutare
1294 955 1346 1006 et
1382 956 1600 1007 necdum
1639 940 1983 1022 conplexibus

11 1067 49 1114 ,ᾗ
94 1038 280 1093 uestris
317 1038 578 1091 inhaerere
614 1037 897 1106 contingat.
939 1039 1153 1091 accessit
1178 1039 1262 1092 hic
1286 1040 1571 1093 tabescenti
1597 1040 1766 1093 animo
1791 1040 1962 1092 nostro

3 1125 240 1179 dolor
284 1125 464 1188 maior,
515 1123 649 1190 quod
686 1123 740 1175 in
777 1124 924 1176 tanta
962 1123 1308 1178 sollicitudine
1346 1141 1404 1178 ac
1442 1125 1748 1179 necessitate
1786 1141 1962 1178 excur-

95 1226 202 1265 rere
237 1211 302 1264 ad
340 1225 431 1262 uos
471 1209 582 1277 ipse
619 1224 719 1261 non
756 1225 981 1277 possum,
1032 1211 1156 1263 dum
1203 1227 1295 1279 per
1331 1212 1497 1264 minas
1535 1212 1588 1265 et
1625 1227 1713 1278 per
1748 1211 1962 1264 insidias

31 1308 50 1361 f
94 1295 402 1366 perfidorum
439 1311 679 1348 cauemus
704 1310 768 1347 ne
793 1294 1184 1348 aduenientibus
1209 1297 1355 1349 nobis
1381 1298 1640 1350 tumultus
1665 1297 1776 1349 illic
1799 1297 1964 1349 maior

1 1392 9 1460 j
31 1395 56 1399 '
93 1382 287 1435 oriatur
334 1383 386 1434 et
433 1397 563 1436 cum„
598 1381 714 1448 paci
762 1381 814 1433 et
860 1380 1232 1448 tranquillitati
1282 1383 1545 1450 episcopus
1595 1383 1862 1451 prouidere
1908 1383 1962 1436 in

6 1514 13 1525 Α,
93 1468 328 1522 omnibus
377 1468 575 1532 debeat,
622 1467 731 1534 ipse
777 1467 1051 1525 materiam
1099 1467 1337 1520 seditioni
1386 1469 1586 1521 dedisse
1632 1470 1683 1521 et
1728 1484 1961 1535 persecu·
2006 1459 2017 1467 ⁸

3 1563 78 1606 '⁵
91 1553 285 1607 tionem
323 1553 487 1606 denuo
526 1552 850 1606 exacerbasse
886 1552 1138 1605 uideatur.
1189 1553 1308 1606 hinc
1345 1555 1535 1618 tamen,
1581 1554 1764 1607 fratres
1804 1554 1961 1607 dilec-

4 1627 42 1703 ἲ)
91 1639 300 1704 tissimi,
339 1639 458 1692 hinc
496 1638 743 1692 admoneo
780 1638 975 1706 pariter
1009 1640 1061 1691 et
1088 1640 1293 1692 consulo
1330 1656 1392 1692 ne
1417 1640 1713 1706 perniciosis
1750 1640 1961 1692 uocibus

31 1716 64 1777 ᾖ.
91 1724 282 1779 temere
319 1725 558 1789 credatis,
597 1740 659 1777 ne
684 1724 961 1777 fallacibus
999 1725 1171 1777 uerbis
1211 1740 1508 1778 consensum
1547 1724 1697 1778 facile
1735 1740 1958 1778 commo-

4 1810 30 1818 ”
73 1799 343 1875 ·ᾶ61;ἰε,’116
380 1826 472 1880 pro
510 1811 625 1864 luce
661 1811 914 1874 tenebraS,
963 1825 1055 1879 pro
1096 1811 1178 1863 die
1214 1813 1432 1875 noctem,
1471 1827 1562 1878 pro
1601 1811 1712 1863 cibo
1750 1810 1958 1875 famem,

3 1887 38 1960 ,s
91 1912 182 1965 pro
236 1899 362 1965 potu
414 1897 576 1961 sitim,
635 1912 887 1950 uenenum
946 1912 1035 1964 pro
1085 1897 1325 1962 remediO,
1383 1897 1603 1950 mortem
1658 1912 1747 1964 pro
1799 1898 1962 1949 salute

38 1984 327 2037 *sumatis
364 2000 476 2037 nec
526 1984 667 2037 aetas
716 1998 807 2036 uos
859 1998 1034 2035 eorum
1081 1999 1174 2036 nec
1221 1983 1499 2037 auctoritas
1547 1983 1712 2046 fallat,
1763 1983 1850 2050 qui
1898 1984 1961 2036 ad

44 2074 53 2105 ²³
93 2070 312 2124 duorum
356 2070 772 2138 presbyterorum
820 2069 1047 2121 ueterem
1084 2069 1369 2136 nequitiam
1407 2069 1779 2135 respondentes,
1827 2069 1961 2120 sicut

28 2166 41 2231 J
91 2155 173 2210 illi
211 2155 494 2210 Susannam
530 2157 774 2224 pudicam
813 2170 1133 2223 corrumpere
1172 2157 1223 2208 et
1260 2156 1452 2208 uiolare
1496 2155 1665 2208 conati
1703 2155 1839 2218 sunt,
1887 2154 1960 2206 sic

30 2239 62 2318 ᾗ
93 2243 145 2296 et
180 2242 236 2295 hi
274 2243 583 2296 adulterinis
630 2243 876 2296 doctrinis
927 2242 1170 2295 ecclesiae
1207 2237 1513 2308 pudicitiam
1553 2255 1871 2306 corrumpere
1910 2240 1960 2291 et

91 2329 363 2382 ueritatem
402 2329 757 2398 euangelicam
793 2329 988 2382 uiolare
1025 2327 1285 2381 conantur.

24 2427 78 2469 v21.
166 2412 367 2468 Clamat
403 2415 455 2467 et
479 2415 610 2469 dicit
635 2415 801 2468 Deus:
840 2415 1046 2467 nolite
1084 2413 1304 2466 audire
1342 2427 1660 2465 sermones
1697 2376 1958 2478 pseudo-
1979 2410 2006 2458 5

20 2496 50 2570 J
91 2496 568 2568 prophetarum,
622 2501 918 2570 quoniam
972 2500 1258 2553 uisiones
1310 2498 1524 2551 cordis
1576 2513 1782 2550 eorum
1835 2496 1959 2547 fru-

261 2642 318 2686 25
338 2642 461 2686 Hier.
492 2643 560 2695 23,
594 2643 662 2695 16,
696 2643 763 2686 17.

30 2787 34 2816 2
177 2771 206 2815 3
225 2784 305 2815 uos
327 2784 409 2815 om.
433 2771 478 2815 Β
609 2771 862 2828 secundum]
886 2770 1027 2814 secuti
1048 2769 1151 2814 dum
1174 2769 1220 2813 P
1347 2753 1450 2812 dffi'n
1472 2768 1529 2819 B,
1552 2756 1625 2810 dm
1646 2767 1700 2809 N
1828 2777 1958 2807 euan-

31 2835 37 2861 *¹
92 2842 261 2900 gelium
281 2843 339 2895 Β,
361 2843 608 2899 euangelii*
629 2843 675 2886 P
809 2843 839 2886 4
859 2841 1084 2886 sufficerat
1104 2841 1149 2884 P
1278 2839 1400 2883 exilii
1422 2839 1465 2883 Β
1593 2837 1763 2882 biennii
1783 2836 1903 2880 NPv

94 2915 123 2960 6
141 2915 409 2960 discrutiant
429 2917 474 2960 P
636 2917 661 2960 7
684 2915 832 2973 quem]
863 2914 978 2971 quod
1000 2915 1045 2959 Β
1207 2914 1235 2956 8
1256 2915 1301 2956 et
1330 2912 1534 2968 necdum]
1565 2910 1747 2954 necdum
1770 2909 1841 2952 Bv

24 2980 44 3002 '³
94 2987 123 3032 9
141 2987 224 3032 hac
244 2989 304 3032 M
320 2987 414 3044 (hic
441 2987 495 3045 Q)
629 2989 781 3031 nostro
803 3000 885 3031 om.
907 2987 963 3031 N
973 3012 976 3016 ι
1087 2985 1142 3029 1Ο
1161 2986 1291 3028 tanta
1313 2998 1368 3028 em
1388 2986 1437 3026 ta
1458 2983 1502 3026 L
1521 2996 1575 3026 m.
1599 2985 1628 3026 2
1756 2981 1838 3024 hac
1866 2980 1903 3036 Q

26 3041 51 3087 ῗ
96 3059 150 3103 11
172 3060 231 3117 et]
255 3062 323 3103 set
348 3059 386 3118 Q
500 3074 579 3117 per
598 3060 787 3104 insidias
808 3072 890 3103 om.
912 3059 957 3102 L
1073 3057 1128 3102 12
1149 3069 1381 3100 caueamus
1404 3055 1448 3097 P
1552 3052 1814 3096 aduentibus
1837 3051 1901 3094 L¹

94 3130 225 3175 nobis
245 3145 326 3176 om.
352 3133 398 3176 P
540 3132 595 3176 13
614 3132 729 3189 paci]
752 3130 881 3187 pauci
909 3129 947 3187 Q
1079 3127 1414 3184 tranquillitate
1442 3126 1479 3182 Q
1612 3123 1835 3180 prouideri
1857 3123 1903 3165 Β

27 3191 34 3252 ’,ἶ
95 3201 151 3246 14
167 3203 420 3262 materiam]
441 3203 753 3260 magisteriam
773 3203 820 3247 P
948 3201 1004 3245 15
1023 3200 1180 3257 denuo]
1204 3199 1257 3243 de
1279 3211 1356 3242 nos
1386 3196 1423 3253 Q
1532 3194 1787 3239 exacerbare
1808 3191 1955 3236 uidea-

19 3263 44 3331 ’ᾖ
95 3286 193 3318 mur
209 3274 255 3318 Β
370 3275 423 3319 17
444 3276 618 3321 temere
637 3274 675 3332 Q
694 3275 878 3330 (temere
894 3274 969 3328 M)
1085 3272 1155 3328 ne]
1177 3284 1256 3314 nec
1277 3271 1321 3314 L
1437 3267 1491 3311 18
1511 3266 1627 3310 diem
1649 3265 1692 3308 L
1807 3264 1860 3307 19
1879 3275 1956 3319 pro

95 3347 204 3401 potu
225 3346 349 3390 sitim
370 3358 426 3390 ex
443 3358 523 3404 pro
544 3347 744 3402 pomutum
765 3345 890 3389 sitim
917 3343 955 3401 Q
976 3342 1255 3400 (propositim
1276 3342 1338 3385 M
1342 3343 1374 3396 ¹)
1526 3336 1714 3380 salutem
1736 3334 1843 3391 L¹Q

18 3406 34 3452 .'‘
87 3415 152 3482 ‚20
168 3429 248 3461 nec
268 3418 408 3475 aetas]
432 3430 488 3461 ne
508 3419 632 3461 aetas
651 3416 772 3462 BNv
901 3416 958 3460 22
980 3426 1254 3470 corrumpere
1275 3426 1357 3456 om.
1386 3411 1428 3455 V
1549 3408 1611 3451 sic
1631 3427 1673 3451 a*
1694 3409 1739 3449 et
1765 3406 1803 3462 Q
1823 3405 1957 3460 (sicut

96 3486 142 3529 et
160 3487 235 3543 M)
350 3488 407 3533 23
427 3487 643 3532 doctrinis
665 3500 746 3532 om.
771 3487 817 3532 Β
930 3487 986 3531 25
1007 3485 1210 3530 dominus
1233 3484 1284 3529 N
1284 3483 1348 3539 Qv
1402 3497 1403 3502 ¹

19 3582 24 3589 ·
265 3576 348 3613 111.
988 3607 994 3619 ‚
1551 3552 1618 3605 38
