2332 3978
314 321 418 375 742
973 319 1214 366 Caecilii
1254 319 1527 378 Cypriani

309 442 489 504 diuina
526 449 878 504 recedentibus
905 448 1111 504 stetisse
1135 450 1189 503 et
1214 450 1434 504 certasse
1460 449 1771 516 sublimiter,
1798 450 2071 506 Danielem
2095 449 2192 508 nec'
2256 467 2257 470 ’

310 536 588 590 solitudine
650 535 875 605 regionis
937 535 1136 589 alienae
1197 551 1290 590 nec
1348 536 1716 604 persecutionis
1786 537 2029 592 adsiduae
2102 538 2186 592 in·
2276 537 2281 575 ἒ

308 620 578 675 festatione
638 621 943 675 deterritum
996 620 1289 690 frequenter
1342 637 1400 676 ac
1454 621 1659 676 fortiter
1702 623 1925 693 gloriosa
1967 623 2188 680 edidisse

308 707 560 778 martyria
578 748 591 772 ,
661 709 767 762 tres
837 707 967 761 item
1027 723 1210 775 pueros
1271 723 1363 761 nec
1423 708 1570 761 annis
1630 724 1722 762 nec
1781 709 1937 764 minis
1998 709 2188 766 fractos
2268 723 2274 749 2

308 793 483 847 contra
524 794 669 863 ignes
712 793 1022 863 Babylonios
1064 792 1288 847 fideliter
1328 794 1592 849 obstitisse
1628 795 1680 848 et
1716 795 1966 850 uictorem
2014 787 2190 867 regem
2203 818 2227 851 ο

306 880 361 932 in
421 879 535 948 ipsa
596 894 689 934 sua
750 879 1049 947 captiuitate
1097 879 1296 933 uicisse.
1349 879 1542 934 uiderit
1591 881 1677 934 uel
1719 881 2188 948 praeuaricatorum
2283 879 2286 889 “

306 982 549 1020 numerus
575 966 658 1019 uel
692 965 1014 1033 proditorum
1052 965 1140 1033 qui
1176 982 1311 1019 nunc
1354 966 1409 1019 in
1452 966 1665 1020 ecclesia
1708 968 1883 1021 contra
1920 969 2188 1023 ecclesiam
2276 985 2281 990 ·

309 1067 516 1121 surgere
563 1053 615 1105 et
663 1051 819 1105 fidem
868 1053 1062 1119 pariter
1112 1068 1171 1106 ac
1219 1052 1495 1106 ueritatem
1543 1054 1851 1107 labefactare
1900 1058 2188 1124 coeperunt.
2314 1049 2316 1057 '

310 1139 577 1206 permanet
630 1137 766 1205 apud
817 1138 1069 1205 plurimos
1125 1138 1320 1192 sincera
1375 1155 1520 1192 mens
1575 1141 1627 1192 et
1675 1140 1858 1210 religio
1893 1141 2094 1211 integra
2137 1144 2220 1197 et-

309 1240 411 1277 non
438 1225 537 1277 nisi
562 1225 782 1278 Domino
810 1225 861 1277 et
886 1225 993 1278 Deo
1020 1239 1110 1278 suo
1137 1225 1310 1279 anima
1329 1226 1530 1291 deuota,
1559 1242 1651 1280 nec
1676 1226 2011 1280 christianam
2030 1227 2186 1282 fidem
2203 1248 2250 1281 ιο
2308 1255 2311 1264 ·

311 1311 478 1365 aliena
502 1311 716 1380 perfidia
741 1311 989 1380 deprimit
1014 1313 1079 1365 ad
1105 1311 1328 1377 ruinam,
1368 1313 1458 1365 sed
1484 1313 1654 1382 magis
1683 1313 1873 1367 excitat
1910 1313 1961 1366 et
1997 1314 2188 1368 exaltat
2306 1304 2332 1402 ξ

308 1399 371 1451 ad
398 1398 634 1467 gloriam,
673 1398 953 1451 secundum
991 1399 1126 1466 quod
1161 1399 1344 1453 beatus
1380 1400 1648 1467 apostolus·
1677 1400 1917 1453 hortatur
1954 1401 2004 1453 et
2032 1400 2185 1454 dicit:
2307 1397 2332 1465 3¹5.

306 1484 462 1553 quid
525 1485 691 1538 enim
754 1485 807 1537 si
882 1485 1265 1539 exciderunt
1327 1503 1357 1539 a
1418 1485 1551 1538 fide
1614 1487 1872 1554 quidam
1948 1501 2184 1552 eorum,
2319 1476 2321 1478 ’

305 1570 617 1638 numquid
663 1571 1044 1624 infidelitas
1097 1572 1363 1625 illorum
1402 1571 1603 1626 fidem
1641 1573 1759 1626 Dei
1801 1573 2187 1626 euacuauit?

306 1658 495 1711 absit.
563 1659 659 1710 est
721 1659 888 1712 enim
950 1658 1114 1711 Deus
1179 1675 1402 1731 uerax,
1466 1659 1671 1713 omnis
1727 1661 1942 1712 autem
1997 1659 2240 1714 homom

305 1744 584 1798 mendax.
640 1745 684 1797 si
724 1746 899 1798 autem
948 1745 1112 1797 omnis
1163 1745 1315 1798 homo
1366 1746 1584 1798 mendax
1634 1747 1713 1798 est
1761 1745 1812 1799 et
1860 1745 1998 1798 solus
2047 1745 2184 1800 Deus

306 1846 474 1895 uerax,
503 1830 628 1898 quid
654 1830 796 1883 aliud
822 1831 957 1884 serui
985 1831 1036 1884 et
1061 1831 1284 1885 maxime
1311 1831 1597 1885 sacerdotes
1628 1832 1724 1884 Dei
1748 1831 1911 1884 facere
1938 1831 2183 1885 debemus

305 1916 407 1970 nisi
442 1917 502 1969 ut
537 1917 787 1970 humanos
823 1932 1016 1971 errores
1053 1919 1105 1970 et
1140 1918 1408 1971 mendacia
1443 1918 1794 1986 relinquamus
1829 1919 1881 1970 et
1916 1919 2186 1986 praecepta

308 2003 566 2057 dominica
593 2004 937 2057 custodientes
963 2004 1016 2057 in
1041 2005 1138 2057 Dei
1164 2005 1384 2058 ueritate
1411 2007 1748 2058 maneamus?

257 2101 290 2152 9
379 2088 543 2154 Quare
571 2091 669 2142 etsi
695 2091 857 2158 aliqui
886 2092 947 2144 de
973 2090 1183 2161 collegis
1208 2091 1397 2144 nostris
1420 2091 1768 2159 [extiterunt],
1810 2090 1994 2143 fratres
2021 2090 2180 2143 dilec-
2202 2107 2247 2140 20

306 2177 515 2241 tissimi,
562 2177 645 2244 qui
687 2177 923 2231 deificam
964 2177 1293 2245 disciplinam
1331 2177 1703 2248 neglegendam
1728 2178 1928 2244 putant,
1977 2176 2028 2229 et
2066 2192 2185 2230 cum

307 2263 536 2316 Basilide
564 2265 615 2316 et
640 2263 880 2317 Martiale
915 2264 1107 2317 temere
1142 2264 1536 2328 communicent,
1585 2263 1889 2316 conturbare
1911 2262 2065 2315 fidem
2093 2277 2184 2314 no-

309 2350 470 2402 stram
491 2366 571 2402 res
598 2351 702 2403 ista
727 2365 828 2402 non
854 2350 1021 2415 debet,
1051 2365 1168 2402 cum
1196 2350 1410 2417 spiritus
1438 2350 1645 2402 sanctus
1671 2349 1724 2402 in
1751 2349 1964 2417 psalmis
1991 2349 2186 2402 talibus

307 2436 647 2489 comminetur
687 2435 882 2489 dicens:
923 2436 994 2488 tu
1033 2436 1244 2489 autem
1283 2436 1487 2489 odisti
1527 2435 1947 2502 disciplinam
1986 2436 2047 2487 et
2085 2435 2185 2488 ab-
2268 2456 2275 2462 Χ

478 2628 532 2672 12
563 2628 687 2672 Rom.
719 2629 759 2681 3,
792 2629 833 2672 3.
864 2628 905 2672 4.
1023 2628 1080 2672 24
1109 2628 1182 2672 Ps.
1212 2628 1282 2682 49,
1317 2629 1383 2671 17.
1418 2629 1486 2674 18.

394 2810 417 2850 1
441 2810 486 2850 et
507 2809 699 2851 certasse
719 2821 801 2851 om.
833 2807 913 2852 CR
1106 2808 1133 2851 2
1153 2806 1365 2864 regionis]
1389 2806 1620 2863 religionis
1644 2807 1688 2850 L
1880 2820 1958 2849 nec
1979 2819 2061 2849 om.
2086 2806 2130 2849 P

303 2878 607 2935 persecutione
633 2879 691 2931 R,
727 2878 1080 2935 persecutionem
1103 2878 1140 2923 C
1398 2878 1704 2922 infestationis
1739 2874 1950 2921 adsiduae
1988 2876 2069 2921 CR

303 2949 331 2992 3
351 2950 434 2993 hac
461 2949 498 3006 Q
708 2950 926 3005 gloriosae
953 2950 1053 2994 C¹L
1263 2949 1435 2993 dedisse
1463 2949 1538 3002 Cv,
1560 2949 1724 2993 didisse
1746 2949 1790 2992 L
1988 2947 2017 2990 4
2037 2948 2183 3004 annis]

305 3021 492 3065 caminis
515 3022 739 3065 Baluzius
854 3022 881 3064 6
901 3021 1046 3077 ipsam
1068 3035 1193 3066 suam
1215 3021 1528 3078 captiuitatem
1555 3019 1593 3077 Q
1707 3019 2061 3076 praedicatorum
2083 3019 2129 3063 P

305 3094 329 3135 7
351 3106 559 3137 numerus
581 3093 655 3136 uel
675 3092 953 3149 proditorum
974 3093 1018 3137 L
1038 3106 1072 3137 s.
1095 3094 1125 3137 l.
1146 3108 1200 3138 m.
1225 3096 1258 3137 2
1410 3092 1685 3149 perditorum
1708 3091 1790 3137 GR
1946 3091 2001 3135 10
2020 3091 2184 3135 deuota.

301 3164 398 3221 nec]
423 3163 654 3208 deuotione
676 3164 721 3209 R
978 3164 1032 3207 11
1054 3165 1245 3208 alienam
1266 3178 1344 3221 per
1364 3164 1495 3208 fidem
1518 3163 1575 3208 (1¹
1827 3162 2047 3219 deprimet
2068 3162 2123 3207 Ο*

306 3236 359 3279 12
379 3235 621 3293 apostolus]
643 3236 803 3292 paulus
825 3235 932 3280 add.
954 3249 981 3280 v
1169 3236 1224 3280 13
1244 3235 1412 3292 eorum]
1433 3235 1611 3279 illorum
1638 3234 1720 3279 GR
1908 3235 1963 3278 14
1983 3233 2180 3291 illorum]

302 3320 451 3351 eorum
472 3307 530 3360 R,
552 3321 633 3352 om.
660 3307 698 3352 Ο
855 3307 1090 3352 euacuabit
1111 3307 1261 3353 0²PR
1425 3307 1480 3351 15
1501 3309 1651 3350 autem
1673 3320 1755 3350 om.
1780 3306 1818 3351 G
1974 3305 2027 3349 17
2049 3318 2182 3349 uerax

302 3380 370 3422 est
393 3378 431 3436 Q
592 3379 646 3422 18
666 3380 718 3422 ut
738 3392 820 3423 om.
845 3378 889 3423 L
926 3412 929 3414 -
1046 3378 1104 3422 20
1124 3391 1259 3434 quare
1282 3391 1396 3424 corr.
1418 3379 1471 3422 in
1492 3378 1601 3434 quin
1626 3377 1663 3435 Q
1685 3379 1837 3434 (quare
1859 3377 1934 3430 M)
2094 3375 2180 3419 ali-

301 3450 402 3506 quis
426 3450 464 3507 Q
646 3450 880 3494 extiterint
907 3450 984 3508 Qv,
1006 3453 1087 3495 om.
1113 3451 1205 3494 LP
1380 3450 1435 3495 21
1457 3449 1628 3494 deicam
1650 3449 1689 3494 C
1858 3449 2018 3506 putent
2040 3447 2122 3493 GR

298 3520 356 3564 22
376 3521 578 3565 martiali
606 3521 688 3567 GR
839 3520 1167 3566 communicant
1189 3522 1258 3566 Pv
1402 3523 1599 3565 uestram
1622 3520 1704 3566 GR
1857 3520 1914 3563 23
1934 3521 1980 3563 et
2001 3531 2096 3563 cum
2121 3518 2181 3562 M

302 3593 417 3647 (cum
443 3591 496 3649 Q)
