2332 3978
332 302 439 356 226
993 298 1238 344 Caecilii
1268 299 1534 358 Cypriani

331 445 601 500 peruersus
628 430 707 484 est
730 429 1029 484 huiusmodi
1056 430 1108 483 et
1133 430 1313 497 peccat
1338 431 1391 484 et
1430 430 1509 483 est
1544 445 1574 484 a
1600 429 1764 483 semet
1789 428 1901 498 ipso
1927 429 2217 483 damnatus.
2308 472 2311 478 .

333 533 399 571 an
423 532 532 571 esse
558 517 660 570 sibi
686 532 803 570 cum
830 515 1032 570 Christo
1058 515 1268 570 uidetur
1292 516 1382 584 qui
1408 516 1685 570 aduersum
1711 515 1996 570 sacerdotes
2028 429 2257 592 Christi)
2310 519 2312 522 ’

331 603 482 669 facit,
523 603 613 671 qui
651 618 703 656 se
739 618 769 656 a
807 602 931 657 cleri
968 602 1079 657 eius
1117 603 1169 656 et
1206 602 1371 670 plebis
1397 601 1640 656 societate
1666 601 1922 656 secernit?
1960 616 2104 654 arma
2128 593 2225 654 ille
2312 658 2314 661 ξ

331 690 508 743 contra
558 689 828 743 ecclesiam
871 690 1073 757 portat,
1139 689 1315 742 contra
1362 688 1461 742 Dei
1511 689 1902 757 dispositionem
1950 688 2228 762 repugnat,
2322 705 2325 710 ·

330 776 494 829 hostis
521 776 700 829 altaris
720 817 732 841 ,
772 777 1018 830 aduersus
1043 775 1355 829 sacrificium
1381 774 1575 829 Christi
1600 775 1834 840 rebeHiS,
1861 789 1951 842 pro
1977 773 2078 828 fide
2101 764 2234 846 per-³⁴
2260 792 2280 824 ⁵
2316 815 2318 818 .

328 862 488 928 fidus,
516 877 608 931 pro
634 862 883 932 religione
910 863 1217 932 sacrilegus,
1245 862 1585 930 inobsequens
1612 876 1816 927 seruuS,
1843 853 1984 914 fili'us
2009 847 2241 929 impius)
2325 923 2327 925 ,

329 948 491 1002 frater
515 949 758 1002 inimicus
786 949 1095 1016 contemptis
1142 948 1393 1016 episcopis
1440 950 1493 1002 et
1536 948 1634 1001 Dei
1678 948 2029 1002 sacerdotibus
2075 948 2244 1001 dere-‘x
2318 952 2329 974 ⁵

329 1035 469 1088 lictis
497 1035 807 1089 constituere
835 1035 991 1089 audet
1016 1034 1158 1087 aliud
1184 1035 1372 1101 altare,
1412 1050 1615 1102 precem
1641 1034 1859 1087 alteram
1884 1032 2101 1094 inlicitis
2127 1002 2222 1107 uo)
2323 1015 2332 1094 l

330 1122 474 1175 cibus
500 1122 680 1187 facere,
716 1122 1001 1175 dominicae
1026 1122 1224 1175 hostiae
1251 1121 1529 1174 ueritatem
1554 1137 1645 1188 per
1670 1119 1802 1173 falsa
1829 1119 2078 1173 sacrificia
2102 1134 2221 1187 pro·
2322 1095 2332 1174 l

327 1208 529 1273 sanare,
574 1225 666 1261 nec
710 1208 841 1261 scire
879 1208 1122 1275 quoniam
1165 1208 1255 1276 qui
1295 1209 1472 1261 contra
1509 1207 1886 1260 ordinationem
1911 1207 2010 1259 Dei
2035 1205 2222 1259 nititur
2238 1230 2280 1263 ιο

328 1295 391 1346 ob
416 1295 728 1348 temeritatis
755 1294 1026 1348 audaciam
1053 1295 1231 1348 diuina
1258 1294 1704 1348 animaduersione
1729 1293 1959 1362 punitur.

242 1378 304 1429 18
401 1379 487 1433 Sic
513 1380 637 1433 Cere
664 1381 716 1434 et
740 1381 947 1434 Dathan
980 1382 1031 1434 et
1057 1381 1255 1434 Abiron
1280 1382 1369 1449 qui
1395 1380 1495 1434 sibi
1523 1381 1700 1433 contra
1726 1379 1940 1448 Moysen
1966 1380 2017 1432 et
2043 1378 2219 1432 Aaron

327 1468 642 1521 sacerdotem
681 1468 999 1522 sacrificandi
1037 1468 1304 1521 licentiam
1346 1466 1609 1519 uindicare
1649 1466 1819 1520 conati
1858 1466 1983 1518 sunt
2031 1478 2219 1533 poenas
2275 1508 2281 1520 ,

325 1554 505 1606 statim
548 1570 639 1621 pro
686 1555 792 1608 suis
839 1555 1105 1608 conatibus
1142 1554 1508 1623 pependerunt.
1547 1554 1686 1607 terra
1711 1552 2025 1621 conpagibus
2051 1551 2220 1620 ruptis

323 1640 378 1692 in
402 1639 716 1708 profundum
744 1641 885 1693 sinus
912 1641 1100 1710 patuit,
1142 1641 1335 1694 stantes
1362 1641 1526 1708 adque
1553 1639 1787 1692 uiuentes
1814 1637 2095 1692 recedentis
2124 1636 2277 1691 soli15

321 1726 498 1779 hiatus
525 1727 804 1792 absorbuit,
852 1743 944 1781 nec
970 1729 1178 1781 tantum
1223 1742 1306 1780 eos
1352 1727 1441 1795 qui
1469 1728 1700 1780 auctores
1727 1725 1934 1779 fuerant
1958 1724 2056 1777 Dei
2082 1723 2219 1776 indi-

325 1813 530 1881 gnantis
556 1813 633 1866 ira
658 1814 930 1881 percussit,
971 1815 1059 1867 sed
1086 1815 1137 1868 et
1164 1815 1355 1867 ceteros
1382 1798 1626 1866 ducentos
1654 1810 2029 1880 quinquaginta
2054 1809 2219 1879 parti-

323 1900 458 1966 cipes
487 1900 718 1953 eiusdem
755 1901 943 1954 furoris
983 1903 1035 1953 et
1075 1901 1287 1954 comites
1315 1901 1404 1968 qui
1432 1899 1693 1969 coagulati
1720 1914 1839 1952 cum
1864 1897 2033 1951 isdem
2060 1896 2219 1950 simul

322 1984 388 2038 ad
415 1986 685 2039 audaciam
735 1987 939 2039 fuerant
978 1987 1149 2040 exiens
1196 2003 1225 2040 a
1270 1986 1494 2040 Domino
1540 1986 1677 2055 ignis
1714 1985 1986 2052 properata
2023 1983 2218 2036 ultione

321 2073 666 2139 consumpsit,
705 2073 981 2126 admonens
1028 2074 1225 2126 scilicet
1270 2075 1321 2126 et
1369 2073 1638 2126 ostendens
1685 2071 1860 2124 contra
1900 2071 2072 2123 Deum
2108 2068 2220 2121 fieri
2236 2088 2278 2122 20

320 2158 568 2225 quicquid
606 2158 808 2225 inprobi
846 2159 1040 2212 fuerint
1078 2161 1142 2213 ad
1181 2161 1546 2213 destruendam
1584 2157 1960 2211 ordinationem
1986 2155 2085 2209 Dei
2121 2156 2220 2208 hu-

322 2260 475 2297 mana
501 2245 769 2298 uoluntate
797 2247 982 2299 conati.
1025 2247 1098 2299 sic
1134 2248 1185 2298 et
1222 2245 1371 2300 Ozias
1398 2262 1485 2299 rex
1512 2261 1630 2298 cum
1656 2243 1950 2297 turibulum
1976 2245 2140 2295 ferens
2170 2241 2229 2294 et.

319 2331 499 2383 contra
536 2332 709 2399 legem
748 2332 846 2385 Dei
885 2332 1195 2386 sacrificium
1233 2332 1334 2385 sibi
1371 2332 1625 2385 uiolenter
1651 2331 1924 2383 adsumens
1951 2327 2221 2381 resistente

322 2416 422 2470 sibi
447 2417 636 2471 Azaria
663 2419 923 2472 sacerdote
951 2420 1305 2487 obtemperare
1331 2419 1493 2471 nollet
1538 2418 1589 2470 et
1636 2417 1837 2480 cedere,
1879 2413 2057 2468 diuina
2083 2413 2220 2466 indi-

317 2503 560 2572 gnatione
601 2504 843 2558 confusus
873 2506 923 2559 et
948 2507 1120 2573 leprae
1147 2506 1401 2559 uarietate
1427 2505 1481 2558 in
1507 2505 1674 2558 fronte
1700 2502 1991 2556 maculatus
2019 2502 2123 2564 est,
2165 2514 2222 2553 ea
2238 2511 2278 2544 2⁵

407 2645 432 2687 1
464 2644 721 2691 huiusmodi
743 2649 813 2692 est
833 2649 894 2692 M
1027 2651 1072 2692 et
1094 2649 1222 2706 (ante
1242 2649 1415 2705 peccat)
1440 2661 1522 2692 om.
1548 2647 1589 2691 G
1733 2646 1761 2689 2
1793 2644 2005 2688 aduersus
2027 2642 2139 2689 ΒΜ

314 2715 446 2760 dotes
476 2718 655 2776 christi]
688 2720 743 2764 ab
773 2721 844 2765 his
873 2722 1040 2777 incipit
1061 2723 1380 2778 fraymentum
1398 2720 1612 2777 exiyuum
1633 2717 1728 2763 cod.
1765 2716 1803 2761 S
1829 2717 1907 2770 fol.
1931 2717 1990 2760 35
2107 2713 2135 2757 3
2166 2711 2222 2756 ab

316 2788 509 2832 *ecclesia
531 2791 624 2834 eius
646 2794 691 2835 et
712 2792 845 2848 plebe
874 2794 918 2837 V
933 2798 1044 2838 teste
1066 2795 1265 2838 Baluzio
1354 2794 1383 2837 4
1413 2790 1765 2848 disputationem
1785 2788 1912 2834 MR¹
2006 2786 2034 2830 5
2064 2783 2222 2829 Christi

315 2860 589 2905 sacrificium
612 2864 657 2908 R
763 2865 923 2909 rebelis
953 2866 1017 2922 G,
1050 2866 1164 2910 facit
1185 2867 1245 2911 M
1358 2865 1383 2909 7
1419 2863 1646 2908 derelictis
1668 2875 1724 2906 em
1744 2860 1923 2905 delictis
1953 2858 2084 2903 Wm.
2107 2860 2137 2902 2

316 2930 348 2973 8
380 2932 541 2976 audeat
569 2934 610 2978 G
697 2936 723 2978 9
755 2936 971 2981 dominice
992 2937 1190 2981 hostiam
1218 2937 1259 2982 G
1346 2937 1403 2980 10
1431 2936 1524 2991 nec]
1548 2934 1656 2979 add.
1682 2946 1738 2977 ex
1759 2932 2026 2978 coniectura
2047 2929 2221 2973 Manu-

317 3003 432 3048 tius:
454 3004 667 3061 dignatur
747 3008 958 3063 quoniam
979 3022 1059 3053 om.
1083 3008 1125 3053 G
1211 2998 1289 3053 dni
1306 3009 1352 3053 R
1438 3008 1492 3050 11
1514 3005 1698 3050 audacia
1715 3004 1761 3049 R
1849 3003 1903 3046 12
1926 3002 2052 3046 chore
2075 3002 2139 3046 W

319 3076 509 3120 habiron
537 3077 578 3121 G
716 3079 771 3121 13
802 3080 1053 3124 sacerdotes
1084 3081 1182 3126 WR
1300 3080 1533 3124 licentiam
1556 3091 1611 3122 ex
1632 3075 1921 3133 diligentiam
1950 3074 2013 3118 M
2028 3087 2083 3117 m.
2107 3074 2136 3116 2

318 3161 509 3204 poenam
524 3150 588 3194 M
664 3150 719 3193 14
740 3164 816 3206 pro
837 3151 932 3195 suis
955 3153 1114 3196 statim
1131 3167 1158 3198 v
1247 3151 1544 3208 rependerunt
1556 3150 1666 3195 ΒΜ
1671 3153 1703 3201 ¹,
1726 3149 1771 3191 ct
1787 3146 2041 3203 ponderum?
2065 3143 2124 3196 G,
2148 3143 2221 3187 de·
2304 3207 2305 3210 Ἴ

319 3220 569 3277 penderunt
585 3222 649 3267 M
650 3226 667 3249 ²
781 3222 986 3280 abruptis
1005 3225 1063 3268 M
1174 3225 1228 3268 15
1251 3225 1396 3268 sinum
1418 3222 1554 3268 WGv
1664 3219 1869 3264 cedentes
1887 3217 1933 3263 R
2041 3215 2145 3259 solii
2162 3215 2220 3265 R,

322 3292 430 3336 solis
447 3293 512 3337 W
610 3294 664 3338 16
686 3292 856 3351 hiatus]
880 3296 1003 3339 fatus
1025 3297 1071 3341 R
1174 3296 1404 3340 adsorbuit
1425 3295 1471 3340 R
1574 3294 1746 3337 actores
1767 3291 1830 3334 M
1836 3294 1846 3318 ¹
1956 3288 2140 3332 fuerunt
2161 3286 2220 3339 R,

319 3364 502 3408 fuerant
523 3365 616 3408 eius
638 3365 888 3411 dementiae
913 3368 954 3412 V
1038 3368 1091 3411 17
1124 3368 1308 3425 ceteros]
1331 3367 1435 3411 illos
1458 3367 1504 3412 R
1594 3365 1649 3409 18
1670 3361 1883 3417 eiusdem]
1907 3373 2056 3405 eorum
2077 3360 2137 3404 M

323 3436 378 3479 19
409 3437 588 3493 exigens
612 3436 653 3481 G
739 3437 797 3481 20
827 3437 1034 3483 admonet
1059 3440 1104 3485 R
1206 3440 1263 3484 22
1294 3442 1339 3483 et
1360 3452 1441 3484 om.
1461 3438 1507 3483 R
1622 3433 1907 3479 thuribulum
1935 3431 1976 3476 G
2061 3431 2118 3475 23
2147 3429 2219 3474 dei
2299 3433 2301 3435 ’

320 3507 467 3564 legem
489 3509 548 3552 M
677 3509 766 3553 sibi
786 3523 868 3554 om.
894 3510 936 3555 G-
1066 3511 1297 3556 resistenti
1318 3511 1390 3555 illi
1411 3509 1584 3555 azariae
1605 3505 1824 3552 sacerdoti
1846 3517 1902 3548 ex
1921 3502 2133 3547 resistens
2154 3501 2219 3546 ibi
2283 3499 2287 3507 '
2310 3566 2311 3569 Ἴ

322 3580 494 3623 azarias
516 3579 739 3624 sacerdote
761 3581 807 3626 R
832 3596 887 3626 m.
911 3585 944 3627 2
1089 3583 1146 3628 24
1175 3583 1341 3641 cedere]
1364 3582 1535 3628 credere
1569 3580 1645 3634 W,
1678 3576 1814 3625 ceteri
1837 3576 1882 3622 R
1913 3575 1993 3621 sed
2013 3588 2068 3620 m.
2093 3577 2123 3623 2
2143 3586 2218 3620 ex-

312 3657 545 3707 punctum
664 3653 721 3697 25
755 3654 933 3711 lepraae
960 3658 1015 3701 W

2284 3740 2313 3773 ξεῖ»

2275 3772 2314 3812 sp·
2330 3783 2332 3804 J

2250 3805 2332 3978 R
