2332 3978
331 298 438 354 548
982 297 1232 344 Caecilii
1267 297 1537 356 Cypriani
1578 271 1581 278 ἱ

335 427 572 483 absentes
599 442 724 493 esse,
753 443 944 498 paucos
970 445 1093 484 uero
1119 421 1208 498 qui
1233 429 1348 483 11110
1373 430 1494 483 31101
1518 429 1608 483 uix
1634 429 1701 484 ad
1718 430 2071 485 ministerium
2097 427 2256 498 coti-³1

336 514 551 568 dianum
591 515 758 582 operis
797 514 1049 582 sufficere,
1093 531 1300 570 necesse
1338 514 1442 568 fuit
1478 530 1638 569 nouos
1675 515 1875 584 aliquos
1911 511 2264 586 constitueres

337 601 426 668 qui
463 601 811 655 mitterentur.
854 601 1036 655 fecisse
1075 619 1159 655 me
1194 602 1369 655 autem
1407 602 1584 655 sciatis
1621 602 1871 656 lectorem
1898 601 2146 656 Saturum
2173 606 2227 658 et
2270 623 2272 625 ’

337 687 749 756 hypodiaconum
775 687 1031 756 Optatum
1057 687 1414 754 confessorem,
1453 703 1580 756 quos
1605 688 1712 741 iam
1737 688 1940 756 pridem
1966 691 2227 744 communi

335 774 549 846 consilio
576 774 709 828 clero
735 775 994 842 proximos
1014 774 1316 843 feceramus,
1344 774 1546 842 quando
1567 775 1657 828 aut
1678 773 1863 829 Saturo
1884 775 1968 829 die
1986 775 2219 833 Paschae
2237 791 2268 826 ⁵·

339 861 499 914 semel
526 861 679 929 atque
704 861 895 914 iterum
921 861 1200 914 lectionem
1226 860 1464 913 dedimus
1491 861 1581 914 aut
1605 861 1757 914 modo
1779 877 1895 915 cum
1914 861 2230 930 presbyteris
2267 905 2273 909 .

341 947 636 1000 doctoribus
662 947 877 1001 lectores
905 947 1184 1016 diligenter
1208 947 1558 1015 probaremuS‚
1587 946 1841 1015 Optatum
1859 947 1997 1001 inter
2016 947 2232 1002 lectores
2276 957 2280 962 “

343 1034 611 1088 doctorum
647 1034 974 1087 audientium
1001 1033 1386 1099 constituimus,
1424 1034 1773 1087 examinantes
1802 1050 1868 1087 an
1894 1035 2233 1104 congruerent
2285 1051 2290 1073 ι

343 1120 452 1173 11113
489 1121 662 1175 omnia
698 1136 826 1188 quae
863 1135 972 1173 esse
1008 1120 1253 1173 deberent
1278 1120 1334 1173 in
1359 1120 1441 1174 1113
1469 1121 1559 1188 qui
1582 1121 1648 1174 ad
1674 1120 1870 1174 clerum
1895 1120 2231 1188 parabantur.
2284 1139 2292 1178 ·,

342 1208 475 1260 011111
515 1222 635 1276 ergo
662 1223 692 1259 a
717 1223 800 1259 me
836 1206 1135 1260 absentibus
1176 1206 1325 1260 uobis
1365 1222 1557 1260 nouum
1598 1206 1796 1260 factum
1832 1207 1926 1273 est,
1974 1207 2065 1260 sed
2099 1206 2235 1275 quod
2254 1224 2299 1271 ιχ

342 1294 450 1346 iam
474 1293 676 1362 pridem
703 1293 965 1345 communi
992 1293 1205 1347 consilio
1233 1294 1465 1346 omnium
1489 1295 1727 1347 nostrum
1754 1295 1989 1361 coeperat
2014 1293 2235 1346 necessi·

345 1380 454 1433 tate
494 1379 746 1448 urguente
771 1380 1068 1446 promotum
1097 1380 1190 1433 est.
1227 1380 1346 1447 opto
1372 1396 1482 1445 uos,
1510 1380 1697 1433 fratres
1724 1380 1996 1445 carissimi,
2035 1395 2236 1447 semper
2295 1367 2300 1379 ⁴

344 1467 471 1519 bene
498 1465 671 1518 ualere
699 1466 750 1518 et
776 1466 941 1519 nostri
967 1466 1281 1519 meminisse.
1310 1465 1693 1520 fraternitatem
1719 1466 1956 1520 salutate.
1985 1466 2171 1519 ualete.

432 1709 455 1750 1
480 1708 685 1751 absentes
707 1707 767 1750 M
782 1707 862 1751 sed
876 1707 1018 1763 prius
1040 1720 1060 1749 3
1081 1719 1114 1750 s.
1139 1706 1180 1758 l„
1203 1706 1420 1749 habentes
1442 1706 1552 1749 Εοω
1700 1719 1793 1750 0330
1814 1720 1894 1751 om.
1920 1724 1952 1764 μ
2099 1709 2244 1763 quoti·
2306 1703 2329 1774 Ῥ··

346 1781 471 1824 diani
493 1795 553 1837 μυ
683 1780 710 1823 2
731 1779 876 1835 operis
899 1793 980 1823 om.
1007 1797 1041 1822 co
1107 1806 1111 1811 ·
1174 1780 1202 1823 3
1222 1779 1528 1836 mitterentur]
1551 1779 1814 1823 ministrent
1837 1796 1871 1823 co
2005 1782 2155 1823 autem
2174 1792 2245 1823 me
2307 1781 2329 1831 ,ζ

348 1854 458 1897 Εοω
470 1871 481 1906 ;
504 1854 656 1896 autem
678 1866 746 1895 me
769 1853 925 1896 sciatis
948 1869 979 1909 μ
1001 1853 1077 1896 secl
1098 1866 1167 1895 100
1191 1852 1346 1896 sciatis
1367 1866 1422 1895 m.
1446 1855 1478 1895 2
1500 1852 1606 1896 add.
1758 1852 1948 1896 satirum
1966 1870 2001 1895 ω
2147 1852 2179 1898 4
2201 1852 2247 1895 01

348 1927 552 1983 optatum
574 1925 683 1968 ΕΜ
686 1926 788 1969 Τοω
954 1925 981 1969 5
1001 1925 1223 1981 proximos
1251 1925 1301 1977 Τ,
1333 1926 1529 1981 proximo
1551 1925 1770 1980 ΕΜομω,
1803 1939 1902 1968 01110
1927 1924 2122 1980 proxime
2151 1925 2192 1968 V

348 2000 375 2043 6
397 1998 598 2041 dedimus
635 2011 751 2041 corr.
790 2011 845 2041 000
874 1997 927 2041 de
947 1997 1115 2040 diuinis
1138 2014 1169 2053 μ
1190 2011 1245 2041 m.
1269 1999 1302 2041 2
1332 1998 1386 2042 m
1416 2010 1560 2054 mary.
1727 1997 1871 2053 modo]
1910 1996 2084 2052 quando
2104 2011 2132 2041 v
2321 2035 2327 2047 ,

349 2071 374 2113 7
398 2070 645 2114 dictoribus
668 2070 851 2122 ΕΜοω,
885 2069 1077 2113 doctoris
1106 2070 1150 2115 V
1299 2069 1541 2113 lectoribus
1562 2069 1689 2125 Εοω,
1722 2069 1933 2112 lectorem
1955 2086 1987 2125 μ
2141 2068 2246 2112 dili·
2314 2084 2331 2126 :3

351 2144 507 2199 genter
532 2177 538 2184 .
560 2178 567 2183 .
592 2178 600 2185 .
624 2142 809 2185 lectores
831 2155 912 2186 om.
937 2141 1106 2186 ΕΜοω
1245 2141 1546 2197 probaremus]
1577 2153 1861 2197 properemus
1887 2141 1928 2184 Τ
2060 2140 2246 2184 10010103
2323 2155 2330 2182 :.

352 2229 407 2259 000
426 2215 566 2258 100103
590 2231 620 2270 μ
641 2228 696 2257 m.
720 2217 750 2258 2
880 2214 908 2256 8
928 2213 1152 2257 doctorem
1172 2227 1198 2257 v
1326 2213 1640 2257 constituimus
1662 2226 1687 2257 o
1707 2226 1740 2257 s.
1763 2214 1792 2256 l.
1815 2227 1871 2257 m.
1890 2215 1923 2257 2
2039 2225 2247 2269 congrue-
2322 2199 2326 2244 ἶ

350 2289 451 2330 rent
472 2300 527 2330 000
549 2287 839 2330 constiterent
860 2303 891 2342 μ
913 2300 968 2329 m.
987 2288 1020 2329 2
1107 2287 1134 2329 9
1156 2286 1389 2342 esse—qui
1410 2300 1493 2330 om.
1512 2303 1546 2328 ω
1637 2285 1799 2329 debent
1819 2300 1857 2338 υ,
1882 2285 2116 2329 deberetur
2137 2287 2190 2341 μ.ι

351 2359 411 2402 113
433 2373 460 2404 υ
560 2360 636 2415 qui
658 2373 713 2402 000
734 2371 846 2414 quae
867 2359 917 2402 E
932 2373 987 2402 m.
1011 2360 1056 2411 2,
1081 2371 1194 2414 quae
1216 2372 1276 2414 μο
1373 2358 1649 2415 parabuntur
1675 2359 1717 2402 T
1820 2357 1877 2400 10
1898 2370 2000 2413 ergo
2024 2356 2140 2400 nihil
2160 2373 2192 2413 μ
2316 2396 2319 2401 ,

353 2433 525 2476 factum
554 2433 623 2475 est
652 2445 734 2475 om.
767 2448 798 2487 μ
966 2431 1116 2474 actum
1144 2431 1207 2473 M
1365 2443 1450 2486 quo
1483 2447 1518 2473 ω
1685 2430 1740 2473 12
1769 2431 1872 2486 opto
1897 2463 1905 2472 .
1926 2462 1964 2472 ..
1989 2429 2137 2472 ualete
2166 2441 2249 2472 om.
2326 2429 2330 2442 ²

355 2506 523 2549 ΕΜοω
641 2505 696 2549 13
715 2504 865 2548 ualete
894 2517 976 2548 om.
1000 2521 1044 2561 μ.
1070 2529 1120 2534 -
1142 2504 1347 2560 Epistola
1369 2503 1569 2559 Cipriani
1600 2503 1656 2547 ad
1685 2503 1852 2547 clerum
1881 2502 2114 2545 insinuans
2135 2501 2253 2557 quod
2303 2496 2328 2544 ”.

357 2578 479 2622 ultra
508 2591 577 2621 me
608 2577 788 2620 litteras
823 2577 1029 2620 mitteret
1065 2576 1222 2620 fecisse
1254 2590 1299 2619 30
1327 2575 1546 2632 Optatum
1581 2574 1937 2631 hypodiaconum
1968 2575 2013 2617 et
2041 2573 2253 2618 lectorem
2322 2586 2329 2627 j

358 2650 570 2694 Saturum
590 2649 774 2706 explicit
799 2650 848 2702 Τ,
882 2648 951 2692 Ad
973 2649 1139 2692 clerum
1160 2648 1236 2705 (ad
1258 2648 1423 2691 clerum
1444 2661 1525 2691 om.
1549 2647 1624 2702 M)
1645 2647 1878 2690 insinuans
1903 2645 2019 2703 quod
2039 2646 2253 2701 utrasque

359 2723 566 2779 (utraque
583 2723 659 2779 M)
675 2722 840 2765 Romae
859 2721 1039 2764 litteras
1059 2720 1261 2764 misisset
1282 2735 1380 2764 cum
1400 2721 1606 2776 optatum
1627 2719 1962 2777 hyppodiacono
1983 2720 2029 2763 et
2044 2719 2254 2763 lectorem
2320 2743 2329 2759 ,-,

360 2793 572 2838 Saturum
593 2793 780 2851 explicit
800 2793 916 2846 EM,
939 2793 1138 2850 Explicit
1159 2792 1215 2836 ad
1236 2792 1403 2837 clerum
1425 2792 1617 2849 epistola
1638 2805 1675 2845 0,
1699 2804 1780 2836 om.
1805 2808 1891 2849 μω.
1916 2815 1969 2824 -
