2332 3978
306 295 416 350 820
976 284 1222 340 Caecilii
1251 293 1521 352 Cypriani

244 431 249 439 '
304 440 454 479 suam
482 424 535 478 et
560 423 781 478 unitatis
809 423 920 478 eius
945 425 1327 478 sacramentum
1343 423 1630 479 declarans·
1646 426 1747 480 ait:
1788 427 1897 495 qui
1934 443 2055 483 non
2093 431 2195 484 est

301 527 549 565 mecum
586 511 900 565 aduersus
938 527 1031 565 me
1070 512 1194 576 est,
1236 512 1298 565 61
1334 510 1599 579 quinon
1636 528 1882 567 mecum
1919 516 2192 586 colligit

302 597 572 668 spargit.
613 598 656 651 si
701 597 839 651 enim
877 598 1150 652 nobiscum
1192 599 1270 651 est
1296 597 1547 663 Christus,
1591 599 1841 655 haeretici
1878 603 2054 655 autem
2091 617 2192 656 non

301 686 423 738 sunt
448 684 736 749 nobiscum,
764 698 855 753 pro
882 685 1018 738 certo
1045 685 1293 738 aduersus
1320 682 1586 738 Christum
1613 686 1738 739 sunt
1762 687 2037 742 haeretici:
2066 690 2118 742 et
2144 689 2189 741 si

299 787 391 825 nos
442 770 738 839 colligimus
790 785 909 823 cum
961 769 1183 835 ChristO,
1240 786 1341 823 non
1392 770 1647 840 colligunt
1696 774 1870 827 autem
1920 774 2189 828 nobiscum
2208 791 2230 823 ⁵

299 857 563 922 haeretici,
592 857 702 911 sine
730 857 887 910 dubio
915 858 1185 925 spargunt.

218 952 282 1003 15
373 943 473 997 Sed
507 960 599 997 1166
633 942 769 996 illud
804 942 1235 1010 praetereundum
1274 944 1408 997 esta
1432 944 1580 997 nobis
1616 946 1752 1012 quod
1779 962 1809 999 a
1834 946 1982 1000 uobis
2016 961 2189 1000 neces-

300 1031 434 1084 sario
470 1030 670 1083 dictum
706 1030 799 1095 est,
838 1029 973 1097 quod
1009 1029 1224 1082 ecclesia
1261 1030 1544 1082 secundum
1581 1031 1842 1084 canticum
1870 1033 2188 1086 canticorum

298 1118 478 1170 hortus
529 1117 599 1170 sit
641 1116 910 1192 conclusus
954 1117 1006 1168 et
1050 1115 1164 1167 fons
1216 1115 1469 1184 signatus,
1520 1117 1791 1184 paradisus
1844 1133 1962 1170 eum
2012 1118 2187 1173 fructu

295 1219 580 1273 pomorum.
634 1203 723 1270 qui
776 1202 951 1255 autem
1001 1218 1287 1269 numquam
1331 1202 1385 1254 in
1430 1202 1566 1255 hunc
1616 1203 1825 1256 hortum
1876 1205 2185 1258 introierunt
2205 1225 2251 1256 lo

235 1325 240 1333 -
298 1308 461 1359 neque
499 1289 798 1358 paradisum
835 1305 866 1341 a
891 1289 998 1341 Deo
1036 1289 1265 1340 creatore
1300 1288 1597 1355 plantatum
1633 1290 1891 1354 uiderunt,
1935 1290 2187 1358 quomodo

298 1379 359 1431 de
398 1378 541 1431 fonte
586 1377 674 1444 qui
718 1376 861 1428 intus
907 1374 1138 1427 inclusus
1188 1375 1267 1427 est
1302 1374 1354 1426 et
1389 1375 1563 1427 diuino
1610 1375 1783 1445 sigillo
1831 1377 2063 1445 signatus
2109 1378 2187 1430 est

297 1482 486 1533 aquam
528 1464 707 1516 uiuam
750 1462 946 1515 lauacri
985 1460 1231 1514 salutaris
1270 1461 1511 1529 praebere
1551 1462 1707 1515 alicui
1746 1464 2024 1530 poterunt?
2067 1479 2187 1516 cum

296 1567 416 1605 uero
443 1551 495 1603 et
522 1565 639 1603 arca
664 1549 774 1602 Noe
810 1548 945 1601 nihil
980 1547 1123 1599 aliud
1160 1546 1317 1599 fuerit
1353 1562 1507 1614 quam
1534 1549 1914 1601 sacramentum
1941 1549 2184 1602 ecclesiae

297 1638 509 1701 Christi,
550 1652 678 1704 quae
714 1637 840 1688 tunc
875 1634 1116 1686 omnibus
1154 1633 1278 1685 foris
1314 1634 1650 1700 pereuntibus
1678 1649 1761 1687 eos
1789 1635 1921 1688 solos
1949 1636 2179 1689 seruauit
2199 1656 2243 1688 15

296 1725 384 1792 qui
420 1724 559 1776 intra
595 1738 768 1776 arcam
804 1720 1028 1784 fuerunt,
1067 1719 1343 1772 manifeste
1369 1719 1678 1773 instruimur
1704 1723 1768 1774 ad
1795 1721 2039 1775 ecclesiae
2064 1722 2182 1775 uni-

294 1811 459 1863 tatem
504 1808 932 1877 perspioiendum‚
976 1806 1411 1874 quemadmodum
1451 1807 1502 1858 et
1540 1806 1727 1859 Petrus
1772 1808 1946 1874 posuit
1982 1807 2181 1860 dicens:

295 1897 387 1950 sic
415 1898 475 1949 et
511 1912 621 1949 nos
661 1894 980 1947 similiter
1018 1893 1237 1945 saluos
1277 1891 1479 1944 faciet
1517 1892 1868 1960 baptisma,
1910 1893 2180 1946 ostendens

294 1983 536 2050 quoniam
574 1980 827 2049 quomodo
865 1979 954 2046 qui
982 1995 1099 2032 cum
1127 1978 1237 2030 Noe
1263 1979 1317 2030 in
1346 1994 1461 2030 area
1485 1993 1586 2030 non
1611 1978 1820 2032 fuerunt
1845 1994 1944 2031 non
1970 1981 2177 2032 tantum

292 2069 502 2138 purgati
530 2070 581 2121 et
608 2068 795 2121 saluati
831 2083 921 2134 per
960 2082 1148 2133 aquam
1186 2081 1284 2118 non
1324 2067 1457 2130 sunt,
1500 2067 1586 2119 sed
1627 2068 1808 2119 statim
1846 2068 2042 2120 diluuio
2077 2067 2171 2118 illo
2191 2087 2239 2119 20

292 2156 569 2223 perierunt,
617 2156 690 2208 sic
729 2156 780 2207 et
816 2170 948 2206 nunc
988 2153 1296 2220 quicumque
1333 2152 1388 2204 in
1429 2153 1640 2206 ecclesia
1681 2170 1798 2207 cum
1836 2153 2037 2206 Christo
2077 2168 2177 2206 non

293 2244 413 2297 sunt
448 2243 572 2294 foris
609 2242 869 2309 peribunt,
917 2240 1019 2292 nisi
1056 2240 1120 2292 ad
1156 2239 1367 2291 unicum
1404 2239 1456 2290 et
1492 2239 1719 2293 salutare
1755 2240 1997 2293 ecclesiae
2031 2240 2175 2292 laua-

293 2347 435 2384 erum
465 2345 555 2397 per
580 2326 951 2395 paenitentiam
980 2326 1356 2378 conuertantur.

213 2418 275 2468 lo
364 2416 543 2482 Qualis
570 2430 689 2467 uero
724 2427 860 2466 error
885 2412 955 2464 sit
980 2413 1031 2464 et
1059 2413 1250 2479 quanta
1285 2413 1504 2465 caecitas
1541 2413 1665 2475 eiuS‚
1705 2412 1792 2479 qui
1818 2411 2174 2465 remissionem

291 2505 620 2572 peccatorum
659 2500 788 2552 dicit
827 2499 963 2566 apud
1006 2512 1293 2566 synagogas
1334 2498 1706 2551 haereticorum
1748 2499 1858 2550 dari
1896 2513 2042 2565 posse
2081 2513 2173 2551 1166
2190 2518 2234 2551 25

290 2589 555 2657 permanet
595 2587 650 2639 in
687 2586 1024 2638 fundamento
1063 2584 1214 2636 unius
1255 2585 1514 2648 ecclesiae,
1557 2600 1686 2651 quae
1726 2584 1886 2637 semel
1915 2600 1944 2636 a
1970 2582 2174 2637 Christo

291 2691 444 2744 super
479 2675 678 2742 petram
714 2672 936 2724 solidata
973 2671 1067 2735 est,
1105 2671 1225 2723 hinc
1260 2670 1497 2738 intellegi
1534 2670 1703 2738 potest
1730 2671 1865 2737 quod
1893 2670 1990 2723 soli
2016 2671 2170 2723 Petro

290 2761 527 2815 Christus
556 2759 766 2811 dixerit:
820 2771 1254 2824 quaecumque
1302 2756 1621 2824 ligaueris
1671 2758 2173 2823 superterram,

288 2848 474 2901 erunt
522 2846 735 2915 ligata
783 2845 843 2896 et
891 2843 954 2895 in
1003 2843 1231 2906 caeliS‚
1292 2843 1352 2895 et
1402 2859 1838 2910 quaecumque
1890 2841 2175 2895 solueris

289 2949 477 3001 super
514 2932 783 2994 terram,
834 2929 1023 2982 erunt
1061 2929 1278 2981 soluta
1316 2930 1377 2982 et
1415 2929 1478 2981 in
1518 2930 1750 2993 caeliS‚
1802 2930 1853 2982 et
1890 2928 2082 2981 iterum
2119 2928 2237 2983 in30

460 3089 486 3132 1
516 3087 617 3131 Luc.
652 3086 719 3138 11,
751 3085 819 3128 23.
1009 3085 1036 3127 9
1068 3084 1121 3127 cf.
1156 3083 1283 3128 Cant,
1313 3083 1354 3137 4,
1388 3084 1455 3127 12.
1488 3084 1554 3127 13.
1742 3083 1797 3126 18
1826 3082 1850 3126 Ι
1879 3083 1998 3127 Ρ611.
2032 3082 2074 3136 3,
2103 3082 2172 3126 21.

286 3161 344 3206 28
373 3160 538 3204 Matth.
573 3159 639 3211 16,
674 3159 739 3201 19.
775 3157 848 3213 (cf.
882 3156 950 3210 18,
983 3157 1070 3211 18.)

372 3304 396 3347 7
418 3317 497 3347 1166
519 3324 561 3347 ηε*
589 3302 639 3359 Q,
659 3315 739 3346 nec
761 3302 807 3345 et
827 3300 885 3344 M
1056 3300 1354 3343 necessarium
1375 3299 1443 3343 Ει
1615 3298 1643 3342 9
1666 3318 1731 3342 ***
1755 3299 1800 3341 et
1828 3297 1877 3354 Q,
1900 3298 1969 3341 est
1990 3298 2036 3340 et
2056 3296 2119 3340 M

286 3376 342 3420 10
365 3377 513 3419 ortum
535 3373 652 3431 EIQ
911 3371 967 3415 15
987 3370 1112 3427 foris]
1135 3370 1233 3414 fons
1260 3371 1297 3428 Q
1319 3370 1447 3427 (foris
1469 3371 1545 3425 M)
1809 3368 2008 3412 seruabit
2028 3367 2117 3424 EQ

285 3448 339 3491 16
361 3447 538 3491 archam
561 3446 643 3490 EI
657 3450 698 3489 et
713 3448 875 3500 postea
991 3443 1043 3486 17
1065 3442 1418 3499 perspiciendam
1438 3455 1490 3497 v;
1513 3441 1573 3494 cf.
1588 3455 1637 3497 Ρ.
1661 3443 1832 3496 822,18
1946 3438 2175 3496 apostolus

284 3521 436 3575 petrus
457 3533 484 3563 v
629 3517 684 3560 18
705 3517 799 3573 nos]
821 3529 901 3559 uos
922 3529 949 3560 v
1088 3514 1311 3570 baptismo
1333 3514 1383 3557 Ε
1522 3513 1580 3556 20
1599 3512 1772 3556 dilubio
1797 3511 1835 3569 Q
1977 3511 2033 3554 22
2054 3510 2175 3554 salu-

282 3593 423 3634 tarem
448 3589 485 3647 Q
686 3588 744 3632 24
764 3587 948 3644 quanta]
971 3587 1139 3643 quanta
1165 3586 1223 3628 tit
1243 3585 1350 3630 EIv
1555 3584 1609 3627 27
1633 3596 1763 3640 super
1789 3582 1840 3640 Q,
1862 3595 1995 3639 supra
2015 3582 2117 3625 EIv

283 3665 410 3719 petra
435 3661 472 3719 Q
