2332 3978
570 262 904 309 Sententiae
935 259 1327 316 episcoporum
1357 271 1428 301 nr.
1461 257 1648 300 37-43.
1931 255 2037 308 451

148 399 458 470 puniuntur,
497 393 632 449 nihil
676 393 755 446 est
797 390 933 458 quod
976 388 1162 441 timere
1204 387 1406 453 possint
1449 384 1698 439 haeretici
1741 385 1804 438 de
1843 382 2037 437 iudicio

148 484 368 548 Christi,
393 482 452 538 ,si
480 482 601 534 sunt
627 477 987 533 remissionem
1012 473 1342 542 peccatorum
1368 471 1647 525 consecuti.

749 639 934 688 Victor
960 652 991 687 a
1018 634 1261 687 Gorduba
1287 633 1448 685 dixit:

218 742 347 796 Cum
383 741 594 808 peccata
628 752 729 791 non
764 736 867 789 nisi
902 735 958 789 in
983 734 1228 788 ecclesiae
1253 733 1516 800 baptismo
1543 732 1906 795 remittantur,
1947 729 2036 798 qui
2056 736 2123 786 41»

111 827 461 886 5haereticum
486 825 551 878 ad
578 822 1100 876 communicationem
1137 820 1247 873 sine
1273 818 1534 887 baptismo
1563 817 1801 871 admittit
1826 818 2034 869 utrum-

145 932 242 984 que
269 915 447 968 contra
473 911 728 964 rationem
755 908 910 972 facit,
950 924 1043 962 nec
1081 907 1364 961 haereticos
1403 906 1595 974 purgat
1633 906 1686 958 et
1725 903 2035 957 christianos

143 999 394 1067 inquinat.

727 1158 968 1208 Aurelius
995 1157 1060 1207 ab
1086 1157 1243 1207 Vtica
1270 1155 1428 1234 dixit:

213 1259 343 1314 Cum
388 1259 528 1312 dicat
574 1257 835 1325 apostolus
879 1271 980 1309 non
1024 1256 1510 1309 communicandum
1554 1253 1781 1323 peccatis
1832 1253 2032 1318 alienis,
2054 1249 2117 1300 41

85 1346 266 1415 mquid
291 1345 436 1399 aliud
463 1360 619 1411 quam
645 1343 872 1412 peccatis
901 1343 1083 1396 alienis
1111 1343 1463 1396 communicat
1499 1341 1589 1409 qui
1622 1341 1897 1395 haereticis
1925 1339 2034 1393 sine

142 1433 385 1487 ecclesiae
410 1430 675 1498 baptismo
703 1430 1092 1484 communicat?
1130 1431 1183 1483 et
1216 1430 1332 1482 ideo
1360 1443 1536 1482 censeo
1562 1427 1898 1496 baptizandos
1925 1442 2033 1480 esse

139 1519 445 1583 haereticOS,
474 1519 533 1571 ut
558 1517 815 1585 accipiant
841 1517 1199 1571 remissionem
1223 1517 1551 1584 peccatorum
1579 1517 1631 1568 et
1658 1514 1732 1567 sic
1757 1513 1866 1566 illis
1893 1528 2034 1566 com-

138 1605 443 1659 municetur.

0 1161 30 1848 &ssssssssss'kissffliss'sssszsdis-*52⁴³<aunt-<2:-
14 1048 18 1058 -
23 1007 26 1029 ⁴.
15 931 26 949 -—

643 1766 852 1816 Iambus
879 1780 911 1816 a
939 1766 1339 1816 Germaniciana
1367 1766 1523 1816 dixit:

0 1847 27 1918 J-,ae‘ss'fl'

82 1886 122 1918 15
212 1863 313 1929 Qui
350 1864 725 1918 haereticorum
763 1863 1083 1935 baptismum
1122 1863 1341 1930 probant
1365 1865 1601 1916 nostrum
1629 1863 1931 1931 inprobant,
1972 1863 2031 1915 ut
2048 1861 2113 1912 42

139 1953 282 2005 extra
309 1951 579 2005 ecclesiam
604 1965 704 2003 non
731 1951 903 2004 dicam
929 1950 1090 2014 lotos,
1130 1949 1220 2003 sed
1247 1950 1536 2003 sordidatos
1563 1950 1756 2018 negent
1783 1949 1837 2001 in
1865 1948 2027 2002 eccle-

137 2038 212 2090 sia
238 2036 493 2105 baptizari
520 2038 768 2106 oportere.

0 1888 10 1925 g
20 1936 22 1938 ,

700 2199 959 2249 Lucianus
988 2214 1019 2249 a
1044 2200 1278 2249 Rucuma
1306 2200 1464 2249 dixit:

0 2263 24 2368 {⁵3
207 2295 469 2363 Scriptum
505 2298 609 2350 est:
669 2298 730 2349 et
777 2296 950 2350 uidit
1007 2297 1174 2349 Deus
1221 2298 1429 2350 lucem
1478 2299 1631 2365 quia
1681 2299 1841 2351 bona
1900 2300 2026 2363 est,
2047 2299 2112 2348 43

0 2345 30 2460 ζῶ
81 2383 196 2435 20et
233 2382 476 2435 diuisit
514 2382 687 2435 inter
724 2382 933 2435 lucem
972 2384 1032 2435 et
1069 2383 1386 2436 tenebras,
1430 2384 1474 2437 si
1494 2385 1666 2452 potest
1685 2384 1791 2437 luci
1813 2385 1864 2437 et
1884 2386 2027 2438 tene-

134 2468 241 2522 bris
267 2469 565 2533 conuenire,
606 2470 778 2536 potest
812 2469 960 2521 nobis
1001 2470 1053 2522 et
1077 2469 1351 2523 haereticis
1378 2470 1576 2538 aliquid
1604 2486 1711 2524 esse
1739 2486 2023 2524 commune.

135 2556 401 2622 propterea
427 2569 603 2608 censeo
628 2554 914 2609 haereticos
939 2555 1278 2622 baptizandos
1305 2571 1431 2609 esse.

0 2698 22 2769 fi
308 2712 363 2755 19
397 2711 506 2756 Gen.
528 2713 568 2764 1,
590 2712 629 2755 4.

0 2769 15 2791 ιθ

0 2816 21 2919 {t
144 2900 146 2902 ,
220 2855 244 2896 1
262 2867 349 2898 non
365 2855 602 2910 possuntS
672 2857 699 2900 2
720 2858 977 2901 remissione
990 2858 1028 2902 S
1097 2859 1125 2902 3
1141 2858 1436 2914 gordubaSV,
1455 2860 1694 2915 gorLTAv
1767 2861 1795 2903 4
1812 2859 2024 2915 baptissi—

0 2919 19 2992 {f
134 2937 204 2969 mo
220 2925 264 2969 L
341 2926 368 2970 5
387 2926 709 2972 haereticorum
722 2928 760 2972 S
834 2930 1232 2975 communicatione
1244 2930 1281 2975 S
1356 2931 1451 2975 sine
1470 2931 1588 2988 bapt.
1602 2931 1658 2975 ad
1674 2933 1939 2976 commun.A

0 2991 33 3062 'g
135 2995 160 3038 ’ἵ
181 2996 381 3053 inquirat
407 2999 461 3040 Τ1
558 3000 586 3043 8
607 2999 663 3043 ab
683 3000 823 3057 utica]
847 3001 1004 3045 abutte
1031 3003 1071 3044 T
1153 3003 1179 3045 9
1200 3003 1433 3059 apostulus
1456 3003 1494 3047 S
1577 3003 1666 3046 alia
1688 3004 1848 3048 alienis
1865 3004 1929 3048 L·

136 3067 192 3111 10
221 3069 347 3124 quid.
368 3102 377 3111 .
397 3070 578 3114 alienis
601 3071 639 3115 S
655 3085 690 3115 8.
710 3073 737 3116 l.
847 3073 943 3116 sine
967 3087 1023 3117 ea:
1045 3074 1084 3117 si
1105 3075 1153 3117 in
1180 3074 1222 3117 T
1336 3076 1389 3118 11
1421 3076 1608 3119 ecclesia
1631 3076 1669 3120 S
1782 3076 1837 3119 12
1867 3079 2021 3119 remis-

136 3141 256 3185 sione
289 3141 344 3194 S,
378 3143 611 3187 remissam
638 3145 711 3188 Av
860 3146 916 3189 14
945 3147 1122 3191 Iambus
1154 3146 1212 3199 S,
1243 3147 1462 3191 confessor
1494 3148 1678 3191 Iambus
1707 3147 1936 3192 Erasmus

134 3212 415 3268 germaciana
438 3214 492 3269 S,
524 3217 859 3271 germaniciana
885 3218 925 3260 Τ
939 3218 1018 3262 sed
1040 3232 1126 3262 ana
1146 3219 1200 3262 in
1220 3233 1312 3262 ras.
1447 3219 1502 3262 15
1531 3219 1755 3274 baptisma
1776 3234 1801 3263 υ
1923 3233 2020 3275 pro-

134 3281 213 3326 bat
236 3283 274 3327 S
359 3285 602 3341 exprobant
624 3288 661 3332 S
766 3289 822 3333 16
852 3290 1038 3334 ecclesia
1059 3290 1098 3335 S
1149 3335 1151 3337 ,
1182 3293 1351 3346 negant
1373 3291 1469 3335 ST¹
1585 3291 1639 3334 17
1671 3293 1846 3346 oportet
1871 3293 1925 3334 T·

135 3353 190 3397 18
219 3354 460 3400 lucilianus
486 3358 526 3401 L
614 3373 782 3404 rucuna
804 3361 859 3414 S,
892 3362 1063 3406 rucima
1084 3363 1128 3408 L
1236 3364 1292 3407 19
1323 3366 1369 3407 et
1389 3366 1441 3407 ut
1463 3363 1501 3408 S
1603 3363 1660 3406 20
1691 3364 1809 3406 inter
1830 3376 1886 3407 ex
1907 3363 1954 3407 in
1977 3364 2020 3408 L

133 3437 188 3467 m.
212 3428 245 3469 2
369 3441 456 3472 non
477 3431 626 3485 potest
651 3432 691 3474 T
709 3466 718 3485 ,
741 3433 848 3478 item
870 3434 895 3477 l.
917 3437 976 3478 21
999 3435 1078 3479 sed
1099 3448 1185 3479 non
1206 3448 1240 3479 s.
1263 3436 1289 3479 l.
1315 3440 1511 3491 utroque
1532 3435 1627 3479 loco
1744 3435 1801 3478 22
1823 3437 1868 3479 ct
1890 3449 2019 3491 prop-

133 3497 255 3541 terea
282 3499 322 3541 T
337 3499 416 3544 sed
438 3502 482 3544 et
502 3514 535 3546 s.
557 3502 584 3546 I.

1574 3582 1682 3635 29*
