2332 3978
317 270 423 324 246
653 253 656 262 “
988 266 1225 312 Caecilii
1256 267 1526 324 cypriani

316 397 570 465 conpertis
595 410 695 450 11011
720 397 926 449 tantum
951 395 1184 450 timenda
1219 411 1320 450 non
1356 397 1435 450 est
1472 395 1725 450 eiusmodi
1763 398 1852 450 sed
1889 398 1941 450 et
1978 395 2203 466 optanda

314 484 515 536 iactura
552 483 631 536 est
668 482 778 550 ipso
817 482 981 535 denuo
1018 482 1239 536 Domino
1265 482 1592 551 praedicante
1631 483 1682 536 et
1719 483 1980 536 monente:
2019 482 2201 536 beati

315 569 538 634 eritiS,
603 584 740 621 cum
797 569 1129 635 persecuti
1185 583 1294 621 uos
1350 567 1598 621 fuerint
1645 570 1705 621 et
1743 568 2200 637 separauerint

313 671 422 708 uos
481 657 543 708 et
599 655 971 722 expulerint
1029 656 1089 709 et
1145 655 1619 709 maledixerint
1683 656 1926 710 nomini
1982 657 2200 710 uestro
2315 722 2319 729 ἢ

312 744 380 794 ut
416 758 683 809 nequam
721 743 985 809 propter
1022 742 1247 795 filium
1284 742 1582 796 hominis,
1633 743 1908 812 gaudete
1963 743 2027 796 in
2081 743 2200 796 illa
2239 764 2261 795 ⁵
2319 764 2321 766 ’

313 827 414 880 die
472 830 532 880 et
588 829 913 882 exultate:
973 844 1113 882 ecce
1152 828 1320 882 enim
1358 843 1602 881 merces
1639 829 1857 882 uestra
1894 829 2101 882 multa
2137 829 2202 881 in

313 931 338 968 c
351 930 381 967 a
396 931 422 967 e
440 915 487 967 li
502 932 540 968 s.

231 999 293 1050 13
383 1001 479 1055 Sed
505 1004 763 1056 tormenta
788 1003 1120 1069 postmodum
1166 1002 1415 1055 uenerant
1453 1003 1506 1055 et
1543 1002 1799 1056 cruciatus
1826 1018 2008 1072 graues
2033 1001 2201 1055 reluc-

311 1089 544 1142 tantibus
571 1089 911 1141 inminebant.
954 1089 1097 1155 queri
1125 1088 1186 1140 de
1213 1088 1486 1140 tormentis
1514 1090 1686 1155 potest
1713 1088 1802 1156 qui
1828 1105 1916 1156 per
1944 1089 2201 1141 tormenta

310 1177 576 1243 superatus
604 1177 706 1239 est,
748 1175 1128 1227 excusationem
1176 1174 1365 1227 doloris
1408 1174 1679 1228 obtendere
1719 1175 1808 1242 qui
1845 1175 2016 1227 uictus
2043 1175 2121 1227 est
2145 1175 2200 1227 in
2218 1196 2260 1228 ιο

310 1260 494 1312 dolore.
523 1262 691 1327 potest
719 1275 895 1329 rogare
921 1261 1044 1313 talis
1066 1261 1117 1312 et
1138 1260 1329 1314 dicere:
1356 1254 1569 1314 ‘certare
1596 1262 1803 1329 quidem
1830 1261 2033 1315 fortiter
2058 1259 2217 1313 uolui,
2324 1253 2332 1325 3

309 1349 360 1399 et
398 1347 706 1400 sacramenti
744 1347 847 1399 mei
885 1362 1084 1400 memor
1123 1347 1411 1401 deuotionis
1438 1364 1495 1400 ac
1521 1348 1642 1401 fidei
1669 1365 1811 1401 arma
1837 1348 2066 1415 suscepi,
2109 1347 2200 1401 sed

307 1449 389 1485 me
435 1433 488 1484 in
533 1432 885 1502 congressione
927 1434 1244 1502 pugnantem
1293 1434 1640 1487 cruciamenta
1683 1434 1827 1488 uaria
1866 1436 1918 1487 et
1945 1433 2201 1501 supplicia

305 1519 458 1587 longa
484 1519 731 1571 uicerunt.
776 1519 925 1571 stetit
951 1534 1095 1572 mens
1124 1519 1326 1572 stabilis
1353 1521 1403 1572 et
1423 1520 1549 1574 fides
1574 1519 1722 1572 fortis
1744 1521 1795 1573 et
1815 1536 1933 1573 cum
1954 1521 2199 1587 torquen-

305 1605 445 1657 tibus
484 1606 659 1672 poenis
698 1605 964 1658 inmobilis
992 1606 1082 1658 diu
1109 1606 1282 1658 anima
1307 1607 1505 1660 luctata
1532 1608 1623 1660 est.
1667 1608 1756 1660 sed
1785 1623 1902 1660 cum
1930 1606 2199 1660 durissimi
2217 1626 2258 1657 15

303 1691 490 1743 iudicis
515 1692 897 1744 recrudescente
924 1692 1142 1744 saeuitia
1175 1693 1282 1744 iam
1317 1692 1601 1762 fatigatum
1638 1710 1772 1747 nunc
1797 1693 2005 1762 flagella
2032 1693 2198 1746 adhuc

305 1778 616 1841 scinderent,
655 1793 791 1830 nunc
835 1778 1202 1831 contunderent
1244 1778 1436 1844 fustes,
1476 1795 1611 1832 nunc
1647 1780 1849 1833 eculeus
1888 1780 2197 1844 extenderet,

303 1879 436 1915 nunc
481 1864 676 1932 ungula
720 1863 989 1928 effoderet,
1029 1880 1163 1917 1111110
1207 1865 1417 1918 flamma
1460 1866 1702 1930 torreret,
1742 1882 1855 1920 caro
1881 1882 1962 1919 me
1999 1867 2053 1918 in
2079 1882 2199 1918 0011-

303 1949 586 2002 luctatione
613 1950 862 2015 deseruit,
891 1950 1167 2004 infirmitas
1205 1952 1463 2005 uiscerum
1509 1954 1676 2017 cessit,
1724 1970 1815 2007 nec
1862 1955 2062 2006 animus
2108 1953 2198 2005 sed

306 2050 486 2103 corpus
514 2036 567 2088 in
603 2036 775 2089 dolore
803 2028 1028 2090 defecit.'
1066 2039 1236 2104 potest
1274 2039 1376 2092 cito
1414 2040 1654 2106 proficere
1694 2041 1758 2092 ad
1797 2041 2005 2093 ueniam
2045 2056 2197 2093 causa
2213 2064 2256 2097 20

304 2122 450 2184 talis,
492 2124 662 2190 potest
688 2123 941 2175 eiusmodi
970 2124 1227 2177 excusatio
1255 2140 1363 2177 esse
1390 2125 1717 2178 miserabilis.
1760 2126 1833 2178 sic
1858 2127 1942 2178 hic
1969 2125 2119 2178 Casto
2146 2126 2196 2177 et

304 2208 532 2259 Aemilio
559 2208 832 2276 aliquando
871 2210 1123 2262 Dominus
1164 2211 1393 2279 ignouit,
1434 2212 1508 2264 sic
1546 2212 1601 2264 in
1637 2212 1806 2279 prima
1843 2199 2197 2281 congressio'ne

305 2294 536 2347 deuictos
562 2295 784 2348 uictores
810 2296 863 2348 in
890 2297 1107 2348 secundo
1134 2297 1327 2363 proelio
1355 2298 1605 2363 reddidit,
1642 2300 1700 2352 ut
1727 2300 1960 2352 fortiores
1987 2299 2197 2368 ignibus

305 2380 487 2432 fierent
526 2381 613 2447 qui
652 2382 860 2450 ignibus
900 2384 1016 2434 ante
1055 2384 1328 2436 cessissent
1367 2386 1418 2436 et
1458 2385 1590 2436 unde
1629 2386 1858 2453 superati
1886 2387 2050 2438 essent
2077 2386 2196 2438 inde

306 2470 616 2534 superarent.
671 2469 1073 2536 deprecabantur
1111 2470 1192 2521 illi
1229 2485 1329 2523 non
1367 2471 1699 2524 lacrimarum
1741 2472 2069 2524 miseratione
2108 2471 2195 2524 sed
2211 2493 2254 2527 25

478 2654 504 2695 2
535 2653 638 2696 Luc.
664 2656 702 2705 6,
728 2655 784 2696 22
808 2667 871 2709 sq.

390 2813 413 2853 1
438 2825 521 2854 non
545 2814 614 2854 est
636 2825 715 2856 om.
735 2812 772 2856 S
845 2816 890 2855 et
908 2826 988 2856 om.
1008 2814 1115 2858 WR
1194 2814 1447 2871 adoptanda
1463 2817 1527 2861 W
1614 2816 1642 2859 2
1664 2818 1732 2859 est
1751 2816 1832 2861 SR
1841 2816 1898 2868 V,
1929 2817 2108 2862 om.Wv

302 2882 459 2938 denuo]
482 2882 670 2938 denique
693 2884 737 2927 R
826 2874 911 2928 dub
933 2889 978 2928 et
998 2874 1053 2929 do
1073 2874 1152 2929 nro
1174 2886 1220 2931 R
1307 2888 1526 2943 monente]
1550 2887 1722 2930 dicente
1745 2888 1790 2932 R
1906 2887 1933 2930 3
1965 2901 2063 2931 cum
2085 2901 2124 2943 p.
2149 2901 2191 2930 11.

301 2953 486 3009 fuerint]
510 2967 645 3009 quum
668 2955 766 2998 odio
788 2970 864 2999 uos
886 2957 1127 3000 habuerint
1148 2958 1348 3001 homines
1371 2958 1417 3002 R
1563 2959 1838 3014 separauerit
1860 2973 1915 3003 ex
1936 2973 2191 3015 perseuera-

301 3025 418 3068 uerit
439 3025 477 3068 S
496 3040 549 3068 ms.
572 3029 602 3069 2
686 3027 714 3069 4
734 3028 1011 3071 maledixerit
1033 3028 1086 3072 S¹
1173 3030 1200 3072 5
1221 3029 1290 3085 ut]
1313 3030 1442 3085 quasi
1458 3030 1504 3074 R
1581 3032 1607 3074 6
1630 3031 1775 3074 multa
1797 3031 1852 3083 S,
1876 3032 2020 3075 multa
2042 3034 2110 3074 est
2131 3031 2192 3082 R,

302 3111 381 3140 om.
409 3098 472 3142 W
554 3098 581 3141 8
611 3102 825 3142 uenerant
846 3099 994 3145 SWR
1004 3100 1063 3154 V,
1086 3102 1276 3144 uentura
1297 3103 1424 3144 erant
1445 3116 1472 3146 v
1560 3102 1586 3144 9
1618 3102 1771 3157 quaeri
1790 3102 1827 3146 S
1836 3103 1940 3148 WR
2026 3102 2079 3146 de
2099 3104 2191 3146 tor-

302 3170 482 3226 mentis]
505 3170 750 3232 tormentai
774 3171 811 3215 S
897 3172 952 3215 10
972 3173 1121 3228 potest
1142 3174 1469 3216 excusationem
1490 3189 1516 3218 υ
1603 3174 1800 3218 dolorem
1823 3175 1926 3220 S¹R
2015 3175 2068 3218 11
2100 3188 2192 3218 cer-

300 3242 410 3297 tare]
433 3244 581 3284 tamen
603 3241 710 3285 add.
731 3241 800 3294 8¹,
825 3255 924 3298 emp.
940 3243 994 3287 S²
1083 3243 1264 3299 quidam
1286 3244 1331 3288 R
1464 3244 1518 3287 12
1549 3245 1636 3288 mei
1658 3259 1738 3289 om.
1764 3246 1809 3290 R
1942 3245 2190 3289 deuotionis

301 3326 381 3356 om.
396 3312 433 3356 S
505 3312 727 3369 suscipiR
801 3314 855 3358 13
876 3317 1104 3371 pugnante
1116 3315 1243 3361 S¹W
1319 3315 1374 3359 14
1391 3315 1576 3360 stabiles
1589 3317 1626 3360 S
1632 3320 1642 3341 ¹
1720 3318 1860 3361 fortes
1871 3318 1926 3362 S*
1998 3319 2192 3361 tormen-

301 3384 481 3429 tibusR
597 3385 652 3428 15
680 3385 852 3441 poenis.
873 3420 881 3428 .
902 3386 1152 3430 ‚durissimi
1173 3400 1257 3431 om.
1282 3387 1328 3432 R
1445 3388 1500 3432 16
1530 3387 1697 3432 iudices
1724 3390 1803 3433 W¹
1910 3389 2000 3432 iam
2022 3388 2190 3446 fatiga÷

301 3457 397 3498 tum
420 3456 510 3499 iam
532 3456 701 3499 lassum
722 3469 748 3499 v
863 3457 1006 3501 adhuc
1027 3471 1109 3502 om.
1132 3472 1159 3502 v
1295 3458 1457 3502 adhuc.
1477 3492 1486 3502 .
1506 3494 1515 3503 .
1535 3459 1696 3503 .fustes
1717 3474 1798 3505 om.
1818 3460 1864 3506 R
1999 3461 2052 3503 17
2083 3473 2193 3504 acu-⁷

300 3527 396 3569 leus
418 3527 464 3572 R
551 3527 836 3572 extenderent
856 3530 939 3574 W¹
1048 3529 1103 3573 18
1133 3543 1249 3573 nunc
1269 3529 1300 3574 f.
1323 3532 1513 3574 torreret
1534 3544 1614 3575 om.
1639 3531 1685 3576 R
1786 3532 1844 3575 20
1873 3532 2020 3576 deficit
2041 3533 2106 3577 W

299 3599 357 3641 25
389 3598 482 3641 illis
507 3599 551 3645 R
639 3599 969 3644 miserationem
991 3601 1037 3647 R

2295 3771 2306 3819 .-„.
2300 3723 2310 3748 ἓν
2297 3627 2301 3633 ,

2311 3771 2313 3775 .
2311 3673 2321 3682 s
2312 3646 2315 3650 ,
