2332 3978
330 292 434 347 748
976 291 1223 337 Caecilii
1258 292 1527 350 Cypria-ni

328 421 528 475 dicens:
586 437 694 475 uos
746 422 910 476 estis
961 422 1071 490 qui
1126 423 1539 478 iustificatis
1585 440 1696 478 uos
1743 425 1807 480 in
1861 429 2211 496 conspectu

328 507 676 561 hominum.
735 509 903 562 Deus
942 510 1155 563 autem
1195 510 1488 563 dinoscit
1526 511 1717 564 corda
1763 514 2007 579 uestra,
2060 529 2206 582 quo·
2312 531 2320 583 ,j

329 594 503 648 niam
558 594 724 662 quod
781 596 1107 649 excelsum
1165 597 1264 648 est
1318 596 1387 649 in
1441 596 1820 652 hominibus
1877 600 2209 654 execratio
2317 586 2321 599 '

330 680 430 732 est
484 680 549 733 in
605 683 964 750 conspectu
1019 682 1151 735 Dei.
1211 682 1522 736 execrabiles
1579 684 1631 736 et
1687 683 2020 738 detestabiles
2082 685 2211 739 dicit

330 781 438 820 6886
474 767 562 834 qui
589 767 689 820 sibi
715 768 965 835 placeant,
1003 768 1092 836 qui
1119 768 1311 821 tumidi
1337 769 1389 822 et
1413 768 1580 823 inflati
1606 770 1804 838 aliquid
1830 770 1931 824 sibi
1957 771 2208 841 adrogan-
2227 764 2247 796 ⁵

331 851 412 904 ter
449 853 741 908 adsumant.
784 871 843 908 ex
897 854 1083 922 quibus
1132 870 1250 907 cum
1288 855 1583 909 Marcianus
1630 872 1738 910 6886
1787 858 2010 925 coeperit
2058 859 2109 911 et
2156 874 2210 912 se

329 936 622 993 Nouatiano
682 941 990 1009 coniungens
1053 940 1377 995 aduersarius
1435 942 1816 997 misericordiae
1880 945 1932 997 et
1992 943 2205 1012 pietatis

330 1026 577 1090 extiterit,
619 1028 931 1080 sententiam
969 1042 1067 1080 non
1107 1029 1263 1092 dicat,
1304 1028 1394 1082 sed
1419 1029 1655 1096 accipiat,
1695 1045 1788 1082 nec
1812 1031 1886 1083 sic
1912 1031 2036 1099 agat
2062 1030 2209 1097 quasi

326 1111 434 1178 ipse
480 1111 790 1181 indicauerit
828 1114 890 1166 de
938 1114 1157 1183 collegio
1208 1115 1559 1179 sacerdotum,
1616 1116 1818 1182 quando
1867 1116 1975 1184 ipse
2025 1116 2097 1169 sit
2144 1116 2209 1169 ab

327 1198 583 1251 uniuersis
623 1199 978 1252 sacerdotibus
1016 1200 1291 1253 iudicatus,

278 1289 307 1338 5
400 1283 693 1337 Seruandus
732 1287 810 1338 est
848 1285 987 1338 enim
1026 1288 1407 1339 antecessorum
1444 1289 1737 1340 nostrorum
1774 1287 2043 1341 beatorum
2070 1303 2208 1340 mar-

331 1369 507 1437 tyrum
556 1368 779 1423 Cornelii
832 1372 884 1424 et
934 1371 1081 1424 Lucii
1129 1372 1289 1425 honor
1327 1373 1608 1442 gloriosus:
1649 1389 1868 1440 quorum
1906 1373 2209 1427 memoriam

331 1471 450 1508 cum
488 1471 577 1508 nos
617 1457 938 1523 11011016111118,
979 1459 1147 1511 multo
1187 1458 1354 1528 magis
1394 1460 1470 1523 tn,
1519 1458 1680 1512 frater
1718 1459 1996 1524 carissime,
2048 1459 2208 1512 hono-

326 1540 525 1594 rificare
584 1544 636 1595 et
693 1558 897 1596 seruare
960 1544 1221 1613 grauitate
1277 1545 1328 1596 et
1383 1546 1689 1598 auctoritate
1745 1546 1836 1598 tua
1891 1545 2059 1609 debeS,
2123 1545 2211 1612 qui

328 1628 553 1682 uicarius
592 1630 644 1682 et
684 1645 942 1683 successor
991 1646 1166 1683 eorum
1206 1631 1372 1684 factus
1413 1647 1479 1684 68.
1520 1632 1601 1684 1111
1651 1631 1786 1684 6111111
1833 1632 1972 1699 pleni
2022 1632 2208 1699 spiritu
2225 1649 2266 1679 15

326 1713 540 1767 Domini
580 1717 631 1768 et
669 1716 723 1768 in
762 1717 984 1785 glorioso
1032 1718 1279 1785 martyrio
1319 1718 1589 1771 constituti
1629 1718 1851 1770 dandam
1890 1733 1998 1771 esse
2047 1718 2208 1785 lapsis

328 1815 507 1867 pacem
547 1804 853 1856 censuerunt
891 1805 942 1856 et
978 1804 1301 1872 paenitentia
1340 1806 1454 1857 acta
1500 1804 1729 1857 fructum
1781 1804 2207 1857 communicatio·

326 1887 406 1940 nis
465 1889 516 1941 et
569 1889 711 1955 pacis
768 1890 1063 1958 negandum
1119 1905 1218 1943 non
1276 1906 1384 1943 esse
1439 1890 1631 1943 litteris
1690 1890 1796 1942 suis
1853 1891 2203 1959 signauerunt.

331 1993 486 2044 quam
512 1991 620 2028 rem
647 1990 822 2028 omnes
849 1976 1055 2029 omnino
1082 1976 1270 2043 ubique
1298 1976 1605 2030 censuimus
1651 1992 1815 2043 neque
1843 1976 1980 2029 enim
2004 1977 2208 2043 poterat

327 2079 436 2116 esse
476 2062 611 2130 apud
648 2077 739 2115 nos
779 2077 957 2115 sensus
1002 2063 1253 2127 diuersus,
1300 2063 1352 2115 in
1392 2063 1578 2130 quibus
1615 2078 1746 2114 unus
1784 2062 1917 2115 esset
1953 2062 2253 2130 spirituszzo

326 2150 378 2201 et
415 2149 529 2201 ideo
584 2149 922 2201 manifestum
972 2149 1050 2202 est
1099 2165 1217 2201 eum
1266 2149 1480 2216 spiritus
1529 2149 1694 2202 sancti
1756 2148 2031 2201 ueritatem
2094 2165 2211 2202 cum

326 2235 508 2287 ceteris
534 2249 634 2287 non
659 2237 831 2287 tenere
858 2250 1011 2301 quem
1038 2235 1274 2287 uidemus
1313 2235 1517 2288 diuersa
1553 2236 1755 2288 sentire.
1794 2234 2026 2303 significa
2061 2235 2210 2302 plane

325 2322 471 2374 nobis
516 2322 630 2390 quis
676 2322 728 2374 in
779 2322 950 2374 locum
994 2321 1245 2375 Marciani
1290 2322 1503 2375 Arelate
1550 2322 1708 2375 fuerit
1757 2321 2102 2385 substitutus,
2151 2321 2210 2373 ut

2227 1190 2268 1221 10

500 2565 523 2607 1
555 2565 659 2607 Luc.
693 2565 761 2617 16,
794 2564 861 2607 15,

412 2780 439 2822 2
460 2779 667 2835 dinoscit]
691 2779 821 2822 nouit
844 2779 886 2821 Z
1038 2779 1261 2836 quoniam]
1286 2779 1392 2835 quia
1414 2779 1458 2822 Z
1615 2778 1642 2821 3
1664 2778 1729 2834 in]
1752 2792 1899 2822 coram
1921 2779 1964 2822 Z
2114 2793 2210 2822 exe-

326 2851 483 2907 cratio]
508 2851 750 2894 execrabile
773 2851 839 2895 Zo
1025 2851 1053 2894 4
1075 2851 1121 2894 in
1143 2853 1379 2907 conspectu
1400 2850 1472 2894 dei
1492 2850 1736 2894 execrabile
1759 2852 1825 2894 est
1847 2851 1891 2893 Z
2068 2850 2095 2893 5
2115 2850 2210 2905 pla·

327 2924 426 2965 cent
449 2922 494 2965 Z
676 2923 840 2966 temedi
863 2923 907 2965 Z
1094 2924 1120 2966 6
1143 2925 1377 2966 assumunt
1397 2923 1443 2965 Z
1624 2923 1669 2965 et
1691 2935 1736 2965 se
1759 2935 1815 2965 ex
1836 2924 1905 2965 ete
1927 2922 1973 2975 C,
1998 2935 2090 2966 esse
2112 2922 2157 2964 Z

327 2995 351 3037 7
375 2994 617 3051 coniunges
645 2994 681 3039 C
689 2997 719 3047 ¹,
744 2995 1004 3038 coniunctus
1027 2997 1072 3038 et
1094 2995 1139 3038 Z
1334 2996 1379 3038 et
1400 3007 1481 3038 om.
1506 2995 1550 3037 Z
1745 2994 1771 3037 9
1794 2993 1983 3051 quando]
2006 2983 2091 3050 quo
2113 2994 2158 3037 Z

326 3067 420 3122 ipse
442 3079 523 3109 om.
548 3067 593 3109 Z
783 3067 836 3110 11
858 3053 968 3109 nffrs
985 3067 1038 3111 0¹
1234 3066 1472 3110 martirum
1491 3065 1723 3109 beatorum
1747 3079 1772 3109 ο
1965 3065 2019 3109 12
2041 3064 2209 3109 60111611

325 3139 370 3180 et
391 3137 481 3180 luci
503 3137 541 3181 O
548 3139 559 3164 ¹
768 3138 824 3181 14
843 3137 1115 3194 grauitatem
1145 3138 1193 3190 C,
1217 3137 1485 3181 auctoritate
1507 3154 1532 3196 ρ
1735 3136 1835 3193 quis
1857 3137 1900 3179 Z
2089 3136 2144 3179 15
2165 3137 2211 3179 et
2241 3166 2256 3189 ,

326 3222 408 3253 om.
440 3209 483 3252 V
683 3222 977 3253 successorem
1005 3210 1061 3254 0²
1280 3223 1430 3252 eorum
1451 3221 1533 3253 om.
1565 3209 1610 3261 C,
1635 3209 1697 3252 eis
1725 3209 1769 3252 V
1964 3208 2060 3251 illic
2090 3208 2127 3253 G
2136 3213 2144 3235 ¹

325 3281 455 3336 pleno
492 3281 547 3326 0¹
806 3282 861 3325 16
890 3281 962 3325 dei
992 3282 1059 3326 Zv
1319 3281 1373 3324 18
1403 3281 1694 3337 signauerunt
1724 3294 1780 3325 ex
1809 3281 2085 3337 negauerunt
2118 3279 2156 3324 G

328 3353 388 3398 20
409 3352 601 3396 diuersis
624 3354 669 3396 Z
884 3340 1015 3409 esset]
1037 3354 1104 3396 est
1126 3354 1171 3395 et
1192 3352 1261 3405 οι,
1294 3354 1363 3396 est
1384 3351 1605 3410 0²ZVi9v
1824 3352 1879 3396 21
1902 3354 1948 3395 et
1972 3384 1981 3391 .
2001 3385 2038 3395 ..
2064 3351 2208 3395 sancti

326 3438 410 3468 om.
435 3425 479 3467 Z
628 3425 743 3482 eum]
766 3438 865 3468 cum
889 3443 914 3484 ρ
1068 3424 1124 3467 22
1147 3424 1365 3468 sentimus
1385 3436 1471 3466 11011
1493 3425 1641 3467 tenere
1663 3423 1708 3466 Z
1860 3422 2110 3479 significare
2138 3422 2208 3475 (3¹,

329 3496 605 3551 significabis
627 3497 673 3540 Z
860 3497 995 3552 plana
1023 3496 1077 3541 0¹
1280 3495 1337 3539 23
1357 3495 1579 3539 marciane
1609 3496 1647 3541 C
1836 3494 2031 3538 arelatae
2052 3505 2090 3546 ο,
2113 3506 2208 3537 are-

327 3567 420 3610 lato
443 3568 488 3611 Z
656 3569 929 3612 constitutus
957 3568 994 3613 G
1696 3565 1705 3573 '
