2332 3978
278 291 382 344 188
947 288 1190 334 Caecilii
1221 288 1491 348 Cypriani

273 435 374 487 que
399 420 450 471 et
475 418 698 472 maxime
725 419 1011 473 sacerdotes
1036 434 1136 473 non
1162 420 1377 474 oderunt
1403 421 1492 473 sed
1535 419 1761 490 diligunt
1787 435 1870 473 606
1897 434 2022 488 quos
2049 434 2162 473 cor-

271 505 470 572 ripiunt
495 505 554 557 ut
580 505 864 570 emendent,
894 506 1094 573 quando
1122 507 1173 560 et
1198 506 1337 560 Deus
1362 522 1452 574 per
1471 506 1789 560 Hieremiam
1817 506 1934 559 ante
1958 505 2161 573 praedi-

271 590 405 644 xerit
450 591 501 644 et
546 592 778 659 tempora
813 592 988 645 nostra
1015 592 1387 661 significauerit
1415 591 1613 645 dicens:
1673 592 1732 644 61
1772 591 1936 644 dabo
1975 590 2160 644 uobis

272 677 573 744 pastores
631 678 979 730 secundum
1029 693 1130 731 cor
1167 694 1396 743 meum,
1455 679 1516 731 et
1561 678 1837 744 pascent
1892 692 2002 730 uos
2056 693 2160 745 pa-

272 764 525 816 scentes
565 763 1128 831 cum'disciplina.
2199 776 2219 808 ⁵

216 853 247 903 2
342 850 535 915 Quodsi
582 849 636 902 in
687 850 957 918 scripturis
1006 850 1195 903 sanctis
1243 850 1533 918 frequenter
1571 851 1622 902 61
1659 849 1849 916 ubique
1888 849 2161 917 disciplina

267 936 579 1003 praecipitur
606 936 656 989 et
683 935 1079 989 fundamentum
1106 952 1253 989 omne
1280 936 1543 1006 religionis
1580 952 1637 989 ac
1673 935 1795 989 fidei
1830 935 1891 988 de
1918 935 2160 990 obserua-

266 1021 405 1074 tione
431 1037 488 1074 ac
514 1022 699 1075 timore
725 1021 1091 1088 proficiscitur,
1121 1023 1246 1090 quid
1272 1022 1508 1090 cupidius
1536 1021 1773 1088 adpetere
1790 1062 1802 1086 ,
1841 1021 1965 1089 quid
1990 1023 2159 1093 magis

266 1107 400 1160 uelle
439 1097 497 1159 66
534 1108 705 1160 166616
746 1124 837 1161 1106
877 1108 1140 1173 conuenit,
1191 1125 1347 1176 quam
1374 1109 1433 1161 ut
1458 1108 1717 1161 radicibus
1744 1107 1927 1161 fortius
1958 1109 2160 1170 fixiset

264 1193 542 1246 domiciliis
569 1194 760 1247 nostris
798 1210 950 1261 super
987 1195 1186 1261 petram
1212 1196 1424 1248 robusta
1449 1195 1586 1247 16016
1612 1194 1845 1247 solidatis
1872 1194 2159 1250 inconcussi
2177 1215 2218 1247 ιο

262 1279 331 1331 ad
351 1279 598 1345 procellas
620 1282 670 1332 et
690 1281 921 1334 turbines
944 1281 1134 1334 saeculi
1161 1282 1382 1346 61616116,
1411 1282 1476 1334 ad
1503 1282 1601 1334 Dei
1627 1297 1840 1334 munera
1865 1297 1956 1350 per
1983 1281 2159 1335 diuina

264 1366 534 1432 praecepta
560 1366 843 1430 6661616116,
872 1367 1249 1421 considerantes
1276 1368 1469 1434 pariter
1496 1383 1553 1421 66
1571 1367 1786 1420 66166166
1810 1368 1944 1434 quod
1964 1368 2160 1436 templa

263 1451 361 1503 Dei
389 1452 491 1503 sint
518 1452 750 1505 membra
776 1454 950 1506 nostra
986 1454 1048 1506 ab
1086 1455 1226 1506 omni
1254 1453 1391 1507 faece
1429 1454 1745 1522 contagionis
1791 1454 2034 1522 antiquae
2078 1454 2156 1507 la-

263 1537 406 1590 uacri
433 1538 610 1590 uitalis
637 1539 1035 1593 sanctificatione
1072 1541 1292 1609 purgata
1316 1556 1407 1593 nec
1447 1540 1633 1593 uiolari
1661 1556 1718 1593 ea
1755 1541 1845 1592 aut
1880 1540 2045 1607 pollui
2080 1540 2157 1593 fas

259 1623 358 1687 sit,
400 1626 599 1691 quando
639 1625 727 1692 qui
766 1626 930 1679 uiolat
968 1628 1020 1679 et
1058 1627 1166 1694 ipse
1205 1628 1467 1680 uioletur‘?
1507 1642 1683 1679 eorum
1720 1641 1809 1679 nos
1838 1627 2155 1693 templorum
2175 1648 2214 1679 15

261 1709 482 1762 cultores
511 1712 561 1763 61
588 1712 845 1764 antistites
873 1728 1077 1766 sumus:
1119 1714 1404 1767 seruiamus
1431 1713 1539 1777 illi,
1580 1712 1725 1765 cuius
1753 1729 1861 1766 esse
1899 1713 2005 1765 iam
2045 1728 2156 1766 606-

261 1795 450 1862 pimus,
492 1796 686 1849 Paulus
725 1797 779 1849 in
819 1799 1058 1866 epistulis
1098 1800 1203 1853 suis
1243 1799 1394 1864 dicit,
1446 1799 1632 1866 quibus
1671 1813 1761 1851 nos
1801 1799 1865 1851 ad
1904 1798 2157 1852 curricula

260 1881 472 1933 uiuendi
525 1898 614 1949 per
653 1882 829 1936 diuina
866 1885 1166 1954 magisteria
1214 1884 1484 1938 formauit:
1544 1901 1617 1938 no
1634 1901 1668 1937 n
1715 1885 1875 1937 estis
1925 1885 2156 1938 uestri:

259 1969 463 2036 empti
503 1969 668 2022 enim
707 1971 869 2022 estis
918 1988 1141 2042 magno
1185 1970 1455 2044 [pretio].
1508 1972 1883 2025 clarificate
1923 1972 1982 2025 et
2019 1986 2155 2039 por-

259 2054 393 2105 tate
432 2055 629 2107 Deum
685 2055 747 2108 in
805 2072 1067 2125 corpore
1124 2059 1354 2112 uestro.
1416 2057 1752 2111 clarificemus
1797 2058 1847 2110 61
1890 2058 2154 2124 portemus
2170 2075 2213 2108 20

261 2139 427 2191 Deum
454 2156 579 2207 puro
608 2143 658 2194 et
686 2143 875 2194 mundo
903 2158 1108 2210 corpore
1136 2145 1186 2197 et
1212 2143 1566 2197 obseruatione
1595 2143 1820 2207 meliore,
1864 2144 1915 2196 et
1941 2143 2030 2210 qui
2064 2159 2153 2212 per

256 2226 564 2293 sanguinem
592 2225 782 2280 Christi
809 2228 1065 2296 redempti
1092 2245 1269 2282 sumus
1295 2246 1385 2298 per
1410 2230 1583 2282 omnia
1611 2230 1880 2282 seruitutis
1908 2229 2152 2297 obsequia

258 2312 596 2379 redemptoris
632 2313 849 2380 imperio
886 2330 1156 2382 pareamus
1192 2315 1474 2382 demusque
1501 2329 1731 2382 operam,
1774 2330 1836 2368 ne
1881 2315 2005 2383 quid
2048 2315 2150 2367 im-

256 2398 510 2451 mundum
549 2400 599 2452 et
637 2400 908 2467 profanum
946 2401 1139 2469 templo
1178 2401 1275 2455 Dei
1313 2401 1586 2465 inferatur,
1627 2417 1689 2455 ne
1728 2401 1948 2454 offensus
1975 2401 2148 2455 sedem

255 2498 414 2549 quam
439 2484 697 2538 inhabitat
723 2486 1060 2554 derelinquat.
1103 2487 1399 2554 sospitantis
1417 2487 1628 2540 Domini
1653 2487 1811 2540 uerba
1835 2488 1955 2540 sunt
1980 2489 2032 2540 61
2058 2489 2148 2541 (10-
2163 2504 2205 2538 25

258 2569 444 2634 666116,
474 2571 697 2624 66166116
724 2573 916 2640 pariter
942 2574 993 2626 et
1019 2573 1301 2627 monentis:
1344 2590 1370 2627 e
1387 2589 1511 2638 666,
1553 2573 1746 2641 inquit,
1788 2589 1983 2627 sanus
2021 2573 2048 2626 f
2052 2589 2082 2626 a
2094 2588 2148 2626 6-

258 2656 363 2709 1116
406 2674 491 2711 66;
547 2658 672 2710 1661
709 2659 847 2711 6011
884 2675 1144 2727 peccare
1181 2675 1252 2713 ne
1292 2660 1445 2728 quid
1482 2659 1612 2713 tibi
1662 2659 1956 2714 deterius
2004 2659 2145 2713 fiat.

2325 2331 2332 2377 3

2325 2386 2332 2445 1

425 2830 453 2873 3
486 2829 606 2873 Hier.
630 2829 670 2882 3,
696 2830 762 2874 15.
854 2829 908 2873 18
937 2830 960 2873 Ι
982 2831 1077 2875 Cor.
1103 2831 1143 2883 6,
1167 2831 1221 2875 19
1244 2843 1308 2887 sq.
1401 2831 1457 2875 26
1490 2830 1554 2874 Io.
1579 2830 1619 2883 5,
1645 2830 1711 2874 14.

338 2989 367 3031 2
397 2987 463 3044 111]
489 2989 533 3030 61
550 2987 796 3043 corripiunt
813 2989 864 3031 111
884 2988 998 3031 coni.
1022 2988 1202 3033 Vahlen
1299 2988 1515 3032 ieremian
1531 2987 1576 3041 S,
1597 2986 1856 3044 hyeremian
1872 2986 1920 3030 D
1991 2987 2021 3031 4
2042 2987 2136 3044 uos]

248 3072 324 3103 606
351 3059 386 3103 S
526 3059 552 3101 6
584 3058 751 3102 sanctis
774 3058 923 3104 SWD
932 3059 990 3112 V,
1014 3061 1181 3104 sanctis
1202 3062 1298 3104 tam
1319 3059 1546 3104 ueteribus
1568 3073 1702 3116 quam
1722 3059 1860 3103 etiam
1879 3059 2010 3104 nouis
2031 3074 2057 3106 v

245 3132 276 3176 9
307 3133 459 3174 1611616
481 3143 537 3174 ex
556 3143 659 3174 nere
680 3130 728 3174 D
747 3132 854 3174 1112
970 3145 1050 3175 nos
1072 3144 1157 3176 om.
1193 3133 1249 3177 W
1360 3131 1417 3175 10
1445 3131 1611 3175 nostris
1641 3132 1697 3174 W
1711 3144 1746 3175 6.
1769 3132 1796 3175 l.
1819 3145 1873 3175 m.
1893 3133 1926 3177 2
2012 3133 2143 3176 robu-

248 3203 368 3245 stam
389 3201 438 3245 D
556 3201 610 3244 11
642 3202 694 3244 ut
714 3200 770 3245 ad
800 3201 863 3246 Vv
968 3201 1135 3247 domini
1159 3203 1208 3256 V,
1234 3202 1395 3247 christi
1415 3217 1442 3248 v
1559 3203 1615 3246 13
1645 3202 1739 3247 sint
1762 3204 1871 3249 Ws.
1894 3204 1923 3248 l.
1945 3217 2000 3248 m.
2023 3206 2057 3250 2

248 3273 339 3317 fece
367 3273 447 3325 W,
479 3271 575 3316 face
597 3271 635 3317 S
737 3273 912 3317 lauacro
936 3272 981 3317 D
1099 3274 1153 3317 15
1184 3273 1261 3332 sit]
1285 3276 1354 3318 est
1373 3274 1422 3318 D
1527 3287 1652 3319 60611*
1670 3273 1719 3318 D
1856 3275 1910 3319 17
1941 3275 2039 3333 nos]
2061 3288 2141 3320 1106

243 3344 538 3388 successimus
567 3345 624 3388 W
764 3344 820 3391 19
852 3344 970 3388 enim
999 3358 1080 3390 om.
1106 3345 1151 3390 V
1278 3359 1441 3403 magno
1463 3345 1637 3402 praetio
1660 3345 1697 3390 S
1712 3379 1737 3399 ‚.
1753 3333 1897 3403 pretio
1917 3360 2079 3404 magno
2099 3361 2139 3402 v,

247 3429 407 3471 magno
430 3414 594 3460 WDV
703 3415 946 3460 clarificate
970 3416 1094 3468 WV,
1117 3416 1366 3473 glarificate
1384 3416 1431 3469 S,
1453 3415 1703 3474 glorificate
1722 3431 1763 3471 υ,
1783 3417 1991 3462 claritate
2005 3417 2055 3462 D

243 3486 304 3530 20
334 3472 434 3530 dom
457 3486 495 3532 S
615 3486 907 3531 clarificemus
930 3487 1107 3540 WDV,
1140 3486 1440 3544 glarificemus
1462 3487 1518 3540 S,
1551 3487 1660 3544 glor.
1684 3503 1711 3534 v
1847 3491 1893 3534 61
1911 3491 2143 3547 portemus

243 3570 329 3601 om.
354 3557 392 3602 S
473 3558 530 3602 22
551 3557 710 3602 61111611
730 3557 902 3602 domini
921 3557 1063 3602 nostri
1084 3572 1111 3603 v
1197 3558 1254 3602 23
1284 3558 1511 3615 pariamus
1526 3558 1576 3604 D
1661 3560 1720 3606 24
1749 3560 1850 3606 sede
1870 3574 2002 3618 quem
2018 3559 2058 3607 S

241 3628 301 3672 26
322 3641 480 3673 1606611
496 3642 592 3673 6666
609 3629 647 3674 S
729 3628 887 3686 inquid
903 3628 985 3675 SD
998 3630 1070 3675 ita
1085 3629 1346 3687 saepissime
