2332 3978
719 264 1013 321 Epistulae
1042 265 1238 310 LXXV.
1280 280 1314 311 0.
1345 267 1527 311 21-24.
1948 270 2053 326 825

182 395 309 447 dum
346 391 476 445 dicis
510 406 592 444 008
628 393 735 446 13111
769 393 1056 460 baptizatos
1093 396 1146 447 et
1171 397 1315 448 extra
1352 396 1618 449 ecclesiam
1654 397 1894 450 ecclesiae
1932 413 2052 466 gra·
2076 432 2078 437 ·

181 479 313 532 tiam
349 478 658 531 consecutos.
696 494 788 530 nec
822 479 1082 547 intellegis
1119 480 1316 534 animas
1352 495 1527 533 eorum
1561 482 1625 534 de
1658 498 1815 534 manu
1850 483 1942 535 tua
1966 498 2053 535 ex-

182 563 318 632 quiri
355 578 472 616 cum
507 563 687 616 iudicii
725 564 831 617 dies
871 565 1088 628 uenerit,
1134 565 1224 631 qui
1262 566 1556 619 sitientibus
1594 566 1834 621 ecclesiae
1872 568 2053 634 potum

182 649 384 717 negasti
420 649 472 701 et
506 649 799 702 uolentibus
836 650 1010 702 uiuere
1046 664 1197 703 causa
1233 650 1414 702 mortis
1450 650 1612 719 fuisti,
1652 652 1703 704 et
1737 652 1944 720 insuper
1969 651 2050 705 in-

150 753 171 782 s>
189 734 436 802 dignaris.

254 818 385 871 Vide
411 835 512 886 qua
536 820 778 887 inperitia
797 821 856 872 tu
875 820 1240 888 reprehendere
1266 820 1454 872 audeas
1481 835 1564 872 008
1590 821 1679 888 qui
1705 823 1881 874 contra
1906 837 2051 874 men·
2069 826 2136 877 24

181 904 384 957 dacium
418 920 509 971 pro
535 905 754 958 ueritate
778 905 1032 958 nituntur.
1071 906 1185 972 quis
1212 905 1350 958 enim
1375 905 1564 959 iustius
1590 905 1852 975 indignari
1879 909 2053 959 contra

167 990 402 1043 alterum
445 990 624 1043 debuit
636 992 661 1043 Ρ
705 992 947 1043 utrumne
993 991 1082 1057 qui
1126 990 1297 1044 hostes
1325 991 1423 1043 Dei
1467 991 1659 1044 adserit
1696 1007 1761 1043 an
1799 1007 1920 1045 uero
1964 992 2054 1059 qui

3 1147 5 1149 ι
35 1147 38 1152 ,
182 1075 426 1128 aduersus
464 1075 636 1128 hostes
661 1076 760 1128 Dei
796 1092 887 1143 pro
929 1076 1170 1129 ecclesiae
1209 1076 1430 1134 ueritate
1467 1076 1739 1129 consistit?
1782 1077 1884 1129 nisi
1919 1078 2054 1143 quod.

61 1154 75 1176 ’
113 1179 165 1210 -ιο
181 1161 425 1228 inperitos
462 1161 620 1214 etiam
657 1161 913 1215 animosos
954 1163 1107 1228 atque
1144 1162 1414 1215 iracundos
1455 1177 1562 1214 0880
1597 1161 1934 1215 manifestum
1957 1163 2052 1230 est,

181 1246 305 1300 dum
342 1263 432 1315 per
466 1247 694 1314 inopiam
730 1248 932 1301 consilii
960 1248 1011 1300 et
1030 1248 1280 1300 sermonis
1308 1248 1373 1301 ad
1397 1247 1721 1301 iracundiam
1759 1247 1913 1300 facile
1939 1263 2055 1301 uer-

179 1334 380 1398 tuntur,
405 1333 465 1385 ut
485 1333 547 1386 de
572 1333 715 1387 nullo
742 1334 844 1387 alio
870 1333 1039 1402 magis
1066 1349 1220 1400 quam
1249 1333 1309 1386 de
1330 1335 1382 1386 te
1404 1333 1541 1386 dicat
1568 1333 1821 1399 scriptura
1849 1332 2050 1385 diuina:

177 1418 359 1471 homo
414 1418 658 1489 animos
675 1435 745 1472 us
802 1420 989 1487 parat
1044 1419 1231 1483 liteS,
1291 1420 1351 1471 et
1401 1419 1502 1471 uir
1555 1418 1908 1472 iracundus
1958 1433 2054 1470 ex-

179 1519 210 1557 a
220 1505 488 1573 ggerrat
524 1506 807 1573 peccata.
846 1504 966 1557 lites
1003 1505 1140 1557 enim
1166 1505 1218 1557 et
1244 1504 1581 1557 dissensiones
1608 1504 1823 1571 quantas
1858 1503 2054 1571 parasti

123 1610 164 1640 15
181 1606 273 1659 per
307 1591 545 1644 ecclesias
579 1591 742 1643 totius
777 1591 958 1643 mundi
970 1593 995 1643 ⁶?
1039 1591 1305 1658 peccatum
1344 1605 1462 1642 uero
1499 1605 1654 1656 quam
1680 1604 1930 1656 magnum
1954 1586 2054 1640 tibi

181 1677 518 1745 exaggerasti,
557 1676 758 1743 quando
786 1677 838 1728 te
863 1692 893 1728 a
917 1677 995 1727 tot
1022 1675 1264 1745 gregibus
1302 1675 1538 1728 scidisti?
1574 1674 1809 1728 excidisti
1837 1671 1975 1726 enim
1999 1674 2053 1725 te

180 1761 370 1830 ipsum,
397 1762 502 1815 noli
524 1762 576 1815 te
601 1762 792 1826 fallere,
823 1762 867 1815 si
894 1762 1102 1829 quidem
1128 1762 1219 1814 ille
1246 1763 1324 1814 est
1351 1777 1468 1814 uere
1495 1761 1855 1817 schismaticus
1882 1759 1970 1825 qui
1998 1774 2051 1812 80

181 1864 212 1901 a
256 1847 613 1901 communione
664 1848 1040 1901 ecclesiasticae
1089 1848 1306 1900 unitatis
1351 1847 1641 1914 apostatam
1685 1845 1876 1898 fecerit.
1930 1844 2054 1897 dum

182 1934 323 1986 enim
366 1934 520 2001 putas
544 1948 738 1987 ‚omnes
774 1950 804 1986 a
838 1939 891 1986 te
925 1933 1172 1986 abstineri
1218 1948 1379 2000 posse,
1426 1933 1594 1986 solum
1629 1934 1682 1984 te
1717 1931 1780 1984 ab
1816 1930 2053 1984 omnibus

126 2034 172 2067 20
190 2019 503 2072 abstinuisti.
549 2035 642 2072 nec
676 2020 729 2073 te
764 2019 1041 2072 informare
1077 2019 1142 2071 ad
1179 2018 1412 2087 regulam
1451 2018 1684 2070 ueritatis
1720 2018 1771 2069 et
1795 2017 1933 2084 pacis
1970 2015 2054 2067 uel

178 2105 395 2171 apostoli
444 2106 713 2172 praecepta
762 2106 1041 2173 potuerunt
1090 2105 1345 2157 monentis
1395 2105 1446 2155 et
1495 2103 1737 2156 dicentis:
1789 2118 1816 2154 o
1829 2103 1861 2154 b
1874 2117 1897 2154 8
1911 2118 1936 2154 0
1949 2117 2011 2154 01
2023 2117 2051 2154 0

178 2206 326 2260 ergo
383 2205 493 2244 uos
551 2205 661 2259 ego
719 2191 980 2244 uinctus
1037 2191 1100 2244 in
1148 2191 1416 2243 Domino
1473 2190 1662 2257 digne
1721 2189 2053 2241 ambulare

177 2276 514 2329 uocatione
569 2293 690 2344 qua
746 2277 963 2329 uocati
1021 2277 1210 2340 estiS,
1269 2293 1405 2329 cum
1456 2276 1621 2328 omni
1671 2274 2053 2326 humilitate

177 2377 400 2415 sensus
457 2362 518 2414 et
566 2361 869 2427 lenitate,
929 2377 1064 2415 cum
1120 2362 1448 2429 patientia
1505 2360 1907 2414 sustinentes
1962 2359 2053 2411 in-

115 2468 161 2500 25
177 2448 383 2501 uicem
409 2448 473 2500 in
491 2448 886 2514 dilectione,
927 2450 1092 2503 satis
1130 2450 1395 2518 agentes
1435 2463 1697 2502 seruare
1735 2446 2052 2499 unitatem

176 2534 457 2601 spiritus
519 2534 584 2587 in
615 2568 617 2570 -
645 2535 1103 2588 coniunctione
1168 2536 1371 2602 pacis,
1445 2551 1634 2587 unum
1696 2546 1927 2599 corpus
1989 2531 2052 2583 et

175 2637 339 2674 unus
390 2621 692 2688 spiritUS,
745 2622 917 2676 sicut
969 2622 1183 2675 uocati
1230 2622 1392 2675 estis
1440 2621 1503 2673 in
1551 2637 1671 2673 una
1719 2635 1824 2686 spe
1871 2632 2050 2670 uoca-

174 2705 379 2760 tionis
450 2708 722 2761 uestrae.
796 2724 954 2761 unus
1017 2708 1350 2771 DominuS,
1425 2723 1544 2759 una
1606 2705 1799 2768 fides,
1862 2719 2051 2756 unum

173 2791 528 2860 baptisma,
585 2810 710 2847 unu
727 2809 750 2846 8
798 2795 965 2847 1)0118
1012 2795 1073 2847 et
1119 2795 1301 2862 pater
1350 2793 1651 2857 omnium,
1709 2790 1815 2858 qui
1863 2803 2051 2855 super

113 2893 160 2925 ³0
176 2891 389 2932 omnes
427 2879 489 2932 et
524 2895 643 2946 per.
670 2880 881 2933 omnia
918 2881 979 2933 et
1015 2881 1079 2932 in
1117 2879 1415 2932 omnibus
1451 2878 1650 2932 nobis

0 2163 10 2235 J

349 3032 405 3076 13
434 3033 565 3077 Prou.
597 3034 665 3087 29,
697 3034 767 3079 22.
885 3035 940 3078 21
970 3034 1082 3091 Eph.
1112 3035 1154 3088 4,
1188 3036 1312 3079 1—6.

259 3161 285 3204 1
306 3159 425 3205 dices
445 3161 563 3219 ,ΜΩι
778 3163 809 3206 4
827 3162 993 3219 uiuere]
1016 3162 1167 3206 uidere
1187 3161 1305 3219 ΜΨ
1402 3151 1404 3155 ’
1524 3161 1551 3204 6
1571 3163 1623 3204 tu
1642 3160 1819 3215 scripsi,
1843 3159 1895 3202 ut
1914 3156 2049 3214 EIQ,

170 3244 256 3276 om.
277 3246 304 3277 v
335 3263 339 3266 -
363 3271 365 3273 .
419 3284 421 3286 ,
484 3233 510 3277 7
532 3233 745 3280 iniustius
765 3235 816 3279 E
982 3235 1009 3278 9
1033 3234 1260 3291 aduersus]
1281 3234 1490 3278 aduersus
1511 3246 1611 3276 cum
1632 3232 1709 3288 qui
1731 3231 1788 3275 Iv
1959 3228 2046 3285 dei]

170 3301 245 3347 dei
264 3303 427 3348 asserit
446 3304 548 3349 EIv
781 3306 987 3350 consistit
1009 3306 1057 3363 Q,
1081 3306 1302 3350 consentit
1317 3306 1430 3358 EIv,
1451 3303 1679 3349 contendit
1699 3303 1815 3347 coni.
1838 3301 1993 3347 Routh

173 3373 228 3419 13
243 3378 374 3430 parat
394 3375 428 3418 Ι
441 3375 520 3419 sed
538 3389 573 3420 s.
595 3375 624 3420 l.
644 3377 718 3421 uel
736 3377 858 3434 parit
1003 3377 1058 3421 16
1080 3376 1257 3420 scidisti
1276 3390 1357 3420 om.
1380 3376 1468 3433 EQ
1611 3375 1664 3418 17
1686 3373 1850 3431 ipsum]
1873 3372 2049 3418 scidisti

169 3446 280 3490 add.
306 3446 344 3505 Q
476 3506 478 3509 ι
503 3447 561 3491 20
579 3460 731 3504 pacem
751 3449 811 3493 M
816 3448 873 3506 Q¹
1049 3448 1104 3492 29
1125 3448 1202 3505 qui
1223 3461 1352 3505 super
1370 3459 1519 3492 omnes
1540 3459 1623 3491 om.
1645 3445 1735 3503 EQ
1895 3445 1953 3490 30
1971 3458 2050 3502 per

170 3529 230 3561 ex
250 3531 379 3575 super
398 3518 461 3562 Μ
478 3518 572 3574 (per
597 3518 650 3576 Q)
