2332 3978
358 304 465 358 312
1027 301 1267 350 Caecilii
1297 301 1568 361 Cypriani

357 433 600 501 properat
625 431 850 500 spiritali
875 432 975 487 fide
999 433 1107 488 Deo
1133 448 1224 487 suo
1250 433 1425 488 anima
1450 433 1652 499 deuota,
1693 433 1829 487 sicut
1854 432 2107 503 scriptum
2132 432 2238 486 est:

358 534 543 586 quam
580 518 1065 574 dilectissimae
1102 518 1556 574 habitationes
1593 520 1767 585 tuae,
1825 520 1996 573 Deus
2033 518 2239 572 uirtu-
2287 519 2301 581 J

357 605 508 657 tum.
548 603 877 659 desiderat
914 606 975 659 et
1010 607 1325 674 properat
1362 605 1575 660 anima
1611 622 1745 660 mea
1782 606 1860 659 ad
1898 605 2068 659 atria
2102 605 2236 659 Dei.
2303 651 2306 654 ⁴

268 688 339 740 24
427 692 554 745 Eius
581 692 660 745 est
684 692 739 745 in
763 693 955 746 mundo
981 691 1072 745 diu
1095 691 1231 746 uelle
1254 707 1515 746 remanere
1540 708 1695 761 quem
1729 692 1953 747 mundus
1996 691 2234 756 oblectat,
2292 696 2299 706 “

353 794 506 846 quem
532 779 797 833 saeculum
821 778 1090 833 blandiens
1115 778 1280 847 adque
1305 778 1564 847 decipiens
1589 778 1858 833 inlecebris
1884 779 2115 833 terrenae
2141 793 2246 831 uo-·
2273 767 2299 831 sl

349 865 570 933 luptatis
613 866 819 919 inuitat.
859 881 1006 933 porro
1051 882 1170 920 cum
1213 865 1439 919 mundus
1483 866 1648 920 oderit
1691 865 2034 919 christianum
2056 906 2069 932 ‚
2109 864 2235 933 quid
2297 867 2302 874 “

350 967 493 1005 amas
520 967 639 1005 eum
665 953 754 1019 qui
778 952 830 1006 te
857 951 967 1006 odit
992 953 1043 1005 et
1067 967 1167 1005 non
1192 952 1360 1022 magis
1397 952 1626 1020 sequeris
1663 951 1928 1006 Christum
1966 952 2056 1021 qui
2092 952 2146 1006 te
2184 953 2236 1006 et
2306 959 2315 1016 J

348 1038 570 1091 redemit
596 1039 647 1092 et
672 1039 888 1108 diligit?
927 1039 1177 1092 Iohannes
1214 1040 1270 1093 in
1308 1039 1532 1108 epistula
1569 1055 1662 1093 sua
1702 1039 1892 1093 clamat
1929 1039 1982 1093 et
2005 1038 2237 1106 loquitur
2312 1099 2322 1114 ,-

348 1126 403 1178 et
440 1140 501 1177 ne
540 1125 765 1178 carnalia
803 1125 1054 1179 desideria
1091 1127 1347 1180 sectantes
1385 1127 1638 1181 mundum
1675 1125 1956 1195 diligamus
1980 1125 2232 1178 hortatur.
2303 1115 2307 1143 ²

346 1212 592 1277 nolite,
632 1211 827 1279 inquit,
887 1212 1171 1282 diligere
1227 1213 1531 1266 mundum
1586 1228 1784 1280 neque
1839 1227 1908 1265 ea
1962 1227 2121 1280 quae
2171 1211 2235 1264 in
2251 1226 2292 1260 ιο
2318 1212 2328 1274 ζ.

346 1298 578 1350 1111111ᾶο
617 1299 776 1352 sunt.
819 1298 873 1351 si
913 1299 1020 1367 qui
1058 1299 1370 1353 dilexerit
1408 1299 1738 1365 mundum,
1780 1313 1900 1352 non
1938 1299 2034 1353 est
2071 1299 2233 1354 cari·
2322 1311 2326 1318 ²

346 1383 447 1436 tas
504 1385 719 1452 patris
772 1385 839 1438 in
889 1385 1044 1438 illo:
1104 1387 1253 1453 quia
1305 1402 1480 1440 omne
1536 1386 1701 1454 quod
1747 1386 1810 1438 in
1857 1387 2090 1439 mundo
2130 1388 2233 1440 est

346 1471 884 1540 concupiscentia
930 1473 1143 1526 carnis
1194 1474 1290 1526 est
1329 1473 1389 1526 et
1435 1473 1971 1542 concupiscentia
2016 1473 2230 1527 oculo-

344 1573 487 1611 rum
526 1559 594 1611 et'
624 1559 895 1613 ambitio
935 1559 1178 1612 saeculi
1218 1576 1376 1627 quae
1413 1575 1533 1613 non
1571 1561 1669 1613 est
1706 1576 1736 1612 a
1772 1561 1968 1628 patre
2007 1560 2119 1613 sed
2157 1576 2229 1613 ex

345 1644 876 1712 concupiscentia
913 1646 1144 1699 mundi.
1203 1648 1264 1700 et
1302 1647 1572 1700 mundus
1610 1646 1931 1700 transibit
1980 1647 2042 1700 et
2091 1661 2286 1700 con-15

344 1731 759 1799 cupiscentia
795 1732 958 1785 eius:
1000 1733 1111 1800 qui
1150 1734 1362 1786 autem
1400 1733 1641 1786 fecerit
1677 1733 2088 1787 uoluntatem
2113 1732 2230 1786 Dei

344 1819 559 1872 manet
614 1819 677 1872 in
734 1820 1089 1885 aeternum,
1162 1821 1477 1888 quomodo
1535 1822 1595 1874 et
1649 1821 1819 1874 Deus
1886 1821 2099 1873 manet
2164 1819 2229 1872 in

341 1906 691 1958 aeternum.
750 1907 945 1974 potius,
1003 1907 1190 1961 fratres
1231 1907 1585 1973 dilectissimi,
1643 1908 1815 1961 mente
1858 1906 2087 1976 integra,
2128 1905 2227 1959 fide

340 1991 514 2057 firma,
557 1993 753 2046 uirtute
779 1994 988 2047 robusta
1013 1994 1184 2063 parati
1209 1995 1275 2048 ad
1310 2011 1515 2048 omnem
1552 1994 1874 2047 uoluntatem
1911 1993 2008 2046 Dei
2046 1994 2225 2058 81111118,
2298 2057 2302 2061 ,

341 2093 532 2145 pauore
578 2080 762 2133 mortis
808 2081 1001 2133 exclusi
1028 2080 1480 2135 immortalitatem
1507 2097 1634 2149 quae
1661 2081 1894 2149 sequitur
1919 2080 2222 2150 cogitemus.
2242 2095 2282 2129 20

340 2164 437 2217 hoc
461 2179 552 2218 nos
579 2167 910 2219 ostendamus
936 2182 1045 2221 esse
1071 2168 1207 2235 quod
1234 2167 1514 2233 credimUS,
1555 2169 1616 2221 ut
1653 2169 1745 2221 nec
1784 2182 2019 2221 carorum
2044 2168 2223 2237 lugea-

340 2268 457 2304 mus
503 2252 757 2305 excidium
797 2254 849 2306 et
888 2270 1007 2308 cum
1052 2254 1395 2307 arcessitionis
1440 2255 1672 2322 propriae
1731 2253 1839 2306 dies
1900 2253 2099 2306 uenerit
2144 2253 2224 2305 in-

342 2339 643 2392 cunctanter
668 2339 719 2392 et
744 2339 964 2394 libenter
989 2341 1050 2394 ad
1079 2341 1362 2394 Dominum
1388 2342 1497 2409 ipso
1524 2341 1739 2395 uocante
1765 2340 2049 2393 ueniamus

256 2422 323 2473 25
413 2424 560 2490 Quod
586 2443 703 2479 cum
730 2442 928 2494 semper
948 2426 1241 2480 faciendum
1261 2427 1418 2481 fuerit
1437 2428 1535 2481 Dei
1552 2427 1740 2492 seruis,
1769 2443 1905 2481 nunc
1924 2426 2037 2480 fieri
2056 2426 2221 2479 multo

339 2512 508 2582 magis
544 2513 695 2566 debet
721 2515 985 2567 corruente
1010 2515 1115 2567 iam
1141 2515 1331 2567 mundo
1359 2515 1411 2568 et
1435 2515 1690 2568 malorum
1725 2513 2083 2566 infestantium
2109 2513 2222 2565 tur·
2239 2523 2279 2557 2⁵

339 2599 547 2652 binibus
574 2599 801 2664 obsess0‚
841 2600 902 2653 ut
927 2600 1016 2668 qui
1043 2601 1299 2654 cernimus
1325 2601 1549 2670 coepisse
1587 2602 1693 2654 iam
1719 2601 1901 2670 grauia
1934 2601 1987 2653 et
2031 2599 2222 2653 scimus

338 2684 589 2740 inminere
615 2686 851 2756 grauiora
887 2687 1091 2741 lucrum
1129 2687 1415 2741 maximum
1451 2688 1811 2755 conputemus,
1851 2686 1895 2739 si
1939 2686 2092 2738 istinc
2134 2700 2225 2739 ue-

512 2844 539 2886 2
570 2843 642 2886 Ρ8.
664 2843 733 2896 83,
755 2843 783 2886 2
805 2857 867 2900 sq.
961 2844 1017 2888 10
1047 2844 1071 2888 I
1091 2844 1152 2887 Io.
1174 2846 1214 2897 2,
1240 2844 1294 2888 15
1318 2858 1380 2901 sq.

428 2987 451 3029 1
484 2986 536 3030 de
558 2987 637 3030 deo
666 2987 707 3031 G
821 2987 938 3032 sicut
972 2988 1190 3044 scriptum
1226 2989 1310 3045 est]
1348 2988 1498 3032 dicens
1520 3002 1545 3033 υ
1672 2989 1700 3032 3
1731 2988 1864 3045 atria]
1903 2988 2067 3032 altaria
2095 2987 2137 3033 G

339 3047 419 3102 dni
436 3059 472 3103 O
560 3060 588 3102 4
618 3072 794 3103 manere
812 3059 853 3104 G
939 3060 967 3104 5
988 3060 1287 3105 uoluntatisS
1369 3062 1398 3104 8
1419 3061 1626 3105 iohannis
1643 3060 1680 3106 Ο
1768 3061 1821 3104 11
1844 3062 1883 3105 81
1904 3059 2005 3117 quis
2024 3059 2138 3106 Gov

341 3131 397 3173 12
428 3131 475 3174 111
496 3144 577 3175 om.
603 3132 667 3177 W
780 3131 834 3175 13
866 3132 1223 3188 concupiscentia
1252 3146 1285 3177 0.
1309 3147 1345 3177 0.
1368 3136 1414 3177 et
1435 3146 1515 3177 om.
1544 3133 1582 3177 S
1710 3134 1765 3177 14
1796 3133 1961 3178 saeculi
1982 3132 2036 3186 S,
2068 3131 2223 3177 mundi

346 3202 500 3248 WGO
596 3216 727 3259 quae.
747 3236 756 3246 .
776 3203 950 3247 ‚mundi
971 3217 1052 3249 om.
1081 3203 1118 3250 Ο
1235 3205 1303 3262 ex]
1325 3207 1370 3249 et
1396 3205 1436 3248 G
1553 3205 1608 3249 15
1638 3205 1799 3249 mundi.
1813 3206 1883 3249 est
1904 3204 1943 3249 S
2042 3205 2095 3248 17
2127 3217 2220 3248 ma·

340 3275 467 3318 nebit
488 3275 588 3319 OW
661 3275 894 3331 quomodo,
913 3308 923 3318 .
942 3277 1194 3319 .aeternum
1210 3288 1293 3321 om.
1307 3275 1345 3321 S
1417 3278 1463 3320 et
1484 3265 1533 3321 (ss
1553 3291 1610 3320 m.
1632 3278 1680 3320 in
1701 3278 1929 3321 aeternum
1942 3276 2078 3332 ponit
2097 3277 2221 3321 inter

341 3346 626 3391 dilectissimi
648 3352 687 3391 et
709 3348 853 3391 mente
881 3346 919 3393 Ο
1055 3349 1110 3392 18
1140 3350 1185 3392 et
1205 3348 1289 3392 fide
1317 3349 1380 3395 W
1509 3349 1563 3392 19
1594 3349 1665 3393 (101
1686 3350 1965 3394 uoluntatem
1986 3349 2057 3393 dei
2078 3350 2142 3394 W

341 3431 493 3461 sumus
516 3419 554 3463 S
684 3419 741 3464 20
770 3433 931 3476 pauore
951 3419 1000 3464 di
1022 3419 1077 3465 S¹
1212 3420 1379 3465 exclusi
1402 3419 1455 3474 S,
1488 3421 1680 3466 exclusio
1709 3422 1763 3475 Ο,
1807 3421 1980 3466 excluso
2002 3421 2136 3467 WGv

339 3490 396 3532 21
427 3489 510 3534 hoc
535 3492 600 3537 W
615 3504 649 3535 s.
672 3491 700 3535 l.
723 3505 780 3536 m.
801 3494 834 3536 2
935 3492 1159 3537 credemus
1181 3492 1220 3537 S
1321 3505 1462 3549 neque
1482 3506 1509 3538 v
1609 3493 1667 3538 22
1696 3492 1914 3537 excidium
1931 3491 1977 3546 S,
2002 3505 2221 3537 excessum

349 3562 527 3608 OWGv
642 3564 943 3609 accersitionis
965 3566 1039 3618 W,
1060 3564 1323 3610 accersionis
1349 3566 1388 3610 G
1496 3566 1670 3622 proprie
1695 3565 1775 3610 W²
1890 3566 1947 3609 23
1968 3566 2013 3610 et
2034 3565 2220 3610 libenter

340 3646 423 3678 om.
444 3635 482 3679 S
564 3635 620 3679 27
652 3636 769 3681 stine
790 3635 846 3691 S,
878 3635 931 3681 de
954 3636 1127 3681 saeculo
1155 3636 1192 3682 O
1280 3636 1474 3681 uelocius
1502 3636 1680 3683 OWG'v
