2332 3978
322 284 425 338 718
891 301 897 308 ·
979 284 1223 331 Caecilii
1244 284 1531 344 'Cypriani
2039 343 2054 372 η

268 417 302 467 2
391 411 654 478 Quantum
705 429 825 468 uero
869 414 934 467 ad
978 430 1185 470 causam
1234 416 1517 470 infantium
1559 418 1800 486 pertinet,
1853 435 1978 488 quos
2021 421 2203 474 dixisti

319 499 456 553 intra
499 501 782 554 secundum
819 503 903 556 uel
942 503 1158 556 tertium
1204 503 1341 556 diem
1384 519 1539 571 quam
1582 504 1696 558 nati
1741 505 1846 558 sint
1890 506 2201 559 constitutos
2270 569 2278 589 Ν

318 586 569 653 baptizari
618 603 719 641 non
762 590 992 656 oportere
1035 591 1087 643 et
1132 589 1552 643 considerandam
1603 605 1712 644 esse
1762 591 1934 660 legem
1978 592 2200 646 011011111-
2288 590 2291 595 ’

320 674 526 727 01810018
571 675 828 742 antiquae,
881 676 940 728 ut
982 676 1121 729 intra
1165 675 1404 729 octauum
1450 676 1588 729 diem
1632 693 1753 730 eum
1796 677 1887 745 qui
1928 678 2080 732 natus
2124 680 2203 732 est

319 759 687 827 baptizandum
713 762 764 814 et
790 762 1215 815 sanctificandum
1256 777 1356 815 11011
1381 763 1617 830 putares:
1657 763 1809 832 longe
1835 763 1980 816 aliud
2004 764 2058 817 in
2084 779 2203 817 con·
2220 785 2239 816 ⁵

321 846 441 899 cilio
475 849 648 900 nostro
685 848 858 900 uisum
885 850 978 901 est.
1018 849 1073 900 in
1098 848 1193 901 1100
1220 849 1358 901 enim
1386 849 1521 915 quod
1545 849 1604 900 tu
1630 849 1851 915 putabas
1878 865 1988 903 esse
2014 849 2206 903 facien-

323 932 448 985 dum
497 949 645 987 nemo
697 934 967 998 consensit,
1026 934 1115 987 sed
1165 934 1396 987 uniuersi
1446 934 1621 1002 potius
1672 934 2022 988 iudicauimus
2071 937 2205 989 nulli
2289 996 2310 1003 ..

323 1019 592 1071 hominum
627 1022 749 1072 nato
784 1011 1195 1073 misericordiam
1221 1020 1319 1073 Dei
1346 1021 1398 1072 et
1423 1020 1649 1088 gratiam
1678 1020 2044 1090 denegandam.
2082 1038 2205 1075 nam

322 1121 441 1158 00111
479 1106 733 1178 Dominus
771 1107 827 1158 in
866 1106 1136 1175 euangelio
1175 1121 1266 1159 suo
1305 1105 1472 1159 dieat:
1521 1106 1714 1160 filius
1760 1107 2039 1161 hominis
2085 1122 2205 1161 11011

321 1194 505 1245 uenit
556 1193 802 1245 animas
852 1194 1182 1246 hominum
1230 1193 1499 1262 perdere
1546 1194 1653 1246 sed
1701 1194 1987 1259 saluare,
2040 1210 2263 1262 quan-10
2317 1255 2332 1273 ,ἡ

320 1280 435 1332 tum
462 1281 516 1331 in
543 1280 688 1332 nobis
717 1280 809 1343 est,
852 1279 896 1331 si
922 1279 1032 1331 fieri
1067 1281 1258 1347 potest,
1295 1280 1438 1332 nulla
1465 1281 1637 1333 anima
1661 1280 1922 1349 perdenda
1947 1282 2040 1334 est.
2081 1281 2205 1348 quid
2329 1275 2332 1288 ³

323 1367 461 1418 enim
500 1367 545 1419 ei
589 1367 730 1420 deest
774 1368 863 1434 qui
908 1367 1066 1420 semel
1103 1367 1158 1419 in
1196 1368 1341 1420 utero
1368 1367 1466 1419 Dei
1509 1367 1747 1419 manibus
1791 1366 2045 1420 formatus
2091 1368 2206 1420 est?

323 1452 470 1504 nobis
509 1453 646 1505 0111111
684 1454 848 1520 adque
888 1454 1049 1506 000118
1087 1453 1276 1506 nostris
1313 1454 1595 1507 secundum
1631 1453 1832 1506 dierum
1867 1453 2206 1506 saecularium

322 1555 531 1592 cursum
570 1540 798 1607 accipere
839 1540 928 1607 qui
962 1540 1072 1592 nati
1108 1540 1228 1592 sunt
1262 1540 1639 1592 incrementum
1679 1539 1938 1592 uidentur.
1981 1540 2206 1592 ceterum

324 1642 673 1693 quaecumque
699 1642 728 1678 a
753 1627 859 1679 Deo
895 1626 1027 1679 fiunt
1052 1626 1151 1679 Dei
1187 1625 1398 1679 factoris
1432 1626 1705 1679 maiestate
1731 1626 1782 1677 et
1809 1641 1956 1692 opere
1981 1624 2207 1693 perfecta
2225 1642 2264 1672 15

324 1714 458 1765 sunt.

274 1799 305 1848 3
395 1800 520 1851 Esse
546 1800 763 1866 denique
790 1799 927 1867 apud
954 1814 1128 1851 omnes
1156 1799 1266 1851 siue
1292 1798 1515 1851 infantes
1537 1798 1644 1850 siue
1666 1798 1883 1850 maiores
1905 1799 2030 1850 natu
2051 1813 2207 1849 unam

326 1886 491 1938 diuini
535 1886 764 1939 muneris
809 1886 1176 1953 aequalitatem
1223 1886 1449 1938 declarat
1487 1885 1633 1938 nobis
1677 1886 1963 1953 scripturae
2002 1884 2208 1936 diuinae

325 1971 467 2036 fideS‚
506 1989 622 2025 eum
650 1972 922 2025 Helisaeus
959 1989 1112 2039 super
1145 1972 1399 2025 infantem
1435 1972 1622 2025 uiduae
1648 1972 1820 2024 filium
1857 1971 1944 2038 qui
1970 1971 2206 2023 mortuus

324 2058 525 2111 iacebat
563 2058 638 2111 ita
677 2075 729 2111 se
764 2059 932 2111 Deum
973 2059 1247 2125 deprecans
1287 2059 1645 2126 superstrauit,
1686 2059 1745 2111 ut
1771 2058 1929 2126 capiti
1969 2057 2122 2123 caput
2160 2058 2211 2108 et
2227 2073 2269 2105 20

324 2145 475 2197 faciei
511 2144 668 2198 facies
705 2145 1051 2212 adplicaretur
1085 2146 1136 2197 et
1169 2144 1425 2212 superfusi
1450 2144 1684 2198 Helisaei
1721 2144 1953 2197 membra
1989 2142 2211 2211 singulis

333 2232 540 2298 paruuli
589 2231 837 2284 membris
882 2233 934 2283 et
976 2232 1130 2298 pedes
1182 2232 1398 2298 pedibus
1449 2231 1803 2300 iungerentur.
1858 2246 1987 2297 quae
2037 2244 2115 2281 res
2167 2229 2211 2280 si

332 2318 611 2370 seeundum
656 2317 950 2371 natiuitatis
990 2318 1191 2370 nostrae
1235 2319 1285 2370 et
1325 2317 1547 2384 eorporis
1588 2317 1898 2384 qualitatem
1937 2315 2207 2383 cogitetur,

495 2488 521 2530 9
553 2488 655 2530 Luc.
692 2490 733 2543 9,
764 2488 832 2531 56.

413 2632 435 2674 1
461 2633 677 2686 quantum
704 2665 713 2674 .
733 2664 770 2674 ..
797 2633 826 2675 Z.
844 2636 894 2674 11
934 2631 1154 2686 perdenda
1190 2631 1257 2674 est
1289 2631 1385 2674 emh.
1409 2631 1702 2686 Auyustinus
1730 2631 1903 2675 Contra
1933 2629 2051 2673 duas
2082 2629 2209 2683 epist.

328 2703 488 2759 Pelaq.
514 2703 593 2747 IV
613 2706 676 2747 23
831 2703 1055 2746 infantum
1085 2703 1122 2747 C
1140 2717 1169 2745 u
1191 2715 1305 2746 corr.
1461 2703 1488 2746 2
1511 2702 1628 2745 diem
1650 2701 1837 2744 tertium
1860 2701 1903 2744 L
2056 2701 2205 2756 quam]

327 2774 431 2817 dum
455 2788 587 2830 quam
615 2776 666 2827 V,
689 2789 773 2831 quo
795 2790 821 2819 v
843 2781 885 2819 et
907 2776 1024 2832 Amy.
1051 2780 1204 2819 temtus
1350 2777 1455 2817 sunt
1479 2775 1524 2819 R
1546 2780 1587 2818 et
1609 2775 1728 2831 Auy.
1886 2774 1914 2816 4
1936 2774 2145 2828 antiquae
2168 2772 2211 2815 R

327 2859 378 2889 ae
399 2847 451 2889 in
472 2861 578 2903 ras„
602 2847 791 2903 antiqua
814 2848 875 2890 M
894 2848 1123 2903 (antiquae
1150 2847 1204 2904 Q)
1380 2847 1407 2889 5
1428 2846 1579 2902 longe]
1602 2845 1772 2901 aliquid
1801 2844 1838 2889 C
1997 2846 2022 2888 6
2045 2844 2208 2900 uisum]

329 2918 533 2961 omnibus
555 2919 703 2961 uisum
733 2918 796 2975 Qv
820 2923 860 2962 et
881 2919 1001 2974 Auy.
1221 2920 1273 2962 tu
1294 2932 1376 2962 om.
1400 2920 1520 2975 Auy.
1742 2917 1766 2960 7
1790 2917 2011 2960 consentit
2033 2917 2091 2968 P,
2113 2929 2211 2958 oon-

326 2990 459 3033 cessit
487 2990 526 3034 G
667 2990 913 3033 iudicamus
942 2992 978 3034 Ο
990 2996 1034 3033 ¹v
1187 2991 1214 3034 8
1236 2991 1408 3033 homini
1428 3005 1455 3034 v
1608 2989 1904 3032 misericordis
1925 2988 1996 3031 dei
2018 2988 2211 3044 gratiam

328 3061 447 3118 Auy.
645 3062 701 3104 10
721 3062 950 3105 hominum
973 3076 1053 3105 om.
1086 3063 1167 3107 CR
1189 3068 1231 3106 et
1252 3063 1367 3119 Auy.
1558 3062 1634 3104 sed
1656 3062 1829 3104 saluare
1851 3061 1895 3105 R
1915 3061 1992 3104 sed
2014 3060 2140 3103 salua
2161 3060 2212 3103 in

329 3146 438 3188 ras„
461 3146 543 3176 om.
574 3134 610 3177 C
745 3134 798 3176 11
821 3134 874 3190 si]
899 3133 1015 3176 sieut
1042 3133 1080 3178 G
1211 3134 1375 3190 anima]
1398 3134 1605 3176 innocens
1629 3133 1734 3176 add.
1766 3132 1803 3177 C
1932 3133 1986 3175 12
2006 3131 2211 3174 manibus

330 3204 402 3248 dei
430 3204 467 3261 Q
654 3206 706 3248 17
730 3206 912 3249 maioris
934 3206 978 3249 L
1169 3205 1224 3249 18
1244 3205 1420 3249 declara
1441 3205 1485 3249 R
1659 3204 1839 3247 diuinae
1863 3203 2108 3259 scripturae
2128 3217 2154 3246 v

332 3277 386 3319 19
408 3290 506 3320 00111
528 3290 608 3320 om.
633 3291 659 3320 v
846 3277 1008 3321 eliseus
1029 3276 1119 3334 PQ
1304 3277 1475 3320 infante
1503 3276 1557 3320 0¹
1740 3275 1904 3319 uiduae
1936 3275 1973 3319 Ο
1987 3274 2067 3318 sed
2088 3286 2139 3316 ae
2158 3274 2211 3317 in

328 3362 436 3404 ras„
461 3349 688 3392 samaritis
717 3350 760 3393 V
889 3350 946 3393 20
966 3349 1033 3392 ita
1054 3362 1100 3392 se
1123 3363 1203 3392 om.
1233 3350 1278 3393 P
1406 3350 1540 3404 caput
1562 3362 1616 3392 em
1638 3347 1754 3403 apud
1784 3347 1821 3392 G
1945 3347 2000 3390 21
2021 3345 2148 3389 faciei
2176 3344 2215 3389 Ο

328 3420 406 3463 sed
428 3420 468 3463 ei
488 3422 540 3463 in
560 3435 666 3476 ras„
691 3421 804 3464 facie
827 3421 870 3464 L
1024 3420 1270 3477 applicaret
1291 3420 1335 3465 R
1489 3419 1722 3476 superfusa
1745 3419 1825 3464 CR
1891 3463 1894 3467 ,
1968 3416 2128 3460 aelisae
2152 3415 2209 3468 L,

328 3491 456 3534 elisei
478 3492 564 3549 PQ
767 3493 935 3549 singuli
956 3493 1000 3536 L
1217 3492 1275 3536 22
1294 3491 1494 3549 paruulis
1521 3493 1573 3535 0¹
1775 3490 2068 3546 iungarentur
2095 3487 2151 3532 0¹

324 3563 383 3606 23
406 3564 689 3621 qualitatem]
714 3565 1085 3621 inaequalitatem
1106 3579 1133 3610 v
1309 3565 1532 3620 cogitatur
1561 3563 1599 3609 Ο
