2332 3978
319 307 422 360 298
978 301 1217 348 Caecilii
1248 300 1520 359 Cypriani

318 433 698 501 praenuntiauit
723 433 775 485 et
802 431 1010 496 cecinit,
1052 432 1103 485 01
1129 447 1190 484 110
1216 431 1510 499 inopinatus
1535 445 1626 483 nos
1653 431 1893 484 0111011113
1918 447 2091 486 rerum
2114 433 2196 487 in-
2279 435 2282 474 ἶ

319 520 620 573 festantium
657 521 826 572 metus
865 519 1123 586 quateret,
1164 518 1333 587 magis
1372 533 1431 570 ac
1458 517 1627 586 magis
1653 517 1710 569 in
1735 518 2033 573 nouissimis
2059 520 2196 573 tem·
2274 542 2276 545 ·

314 605 526 672 poribus
571 605 784 658 aduersa
827 605 1138 658 crebrescere
1183 605 1299 657 ante
1342 603 1680 670 praemonuit.
1735 603 1866 656 fiunt
1911 620 2022 658 ecce
2065 622 2195 673 quae

320 690 455 743 dicta
482 692 616 754 sunt,
645 692 696 743 et
723 692 922 758 quando
947 691 1078 743 fiunt
1104 706 1233 758 quae
1259 692 1375 742 ante
1401 689 1665 756 praedicta
1692 692 1815 743 sunt
1842 692 2118 758 sequentur
2143 693 2195 745 et

319 792 666 845 quaecumque
704 776 954 843 promissa
990 777 1108 828 sunt
1132 776 1352 828 Domino
1398 775 1507 842 ipso
1552 775 1824 841 pollicente
1869 778 1922 829 et
1966 777 2193 831 dicente:
2232 799 2251 831 ε,
2287 764 2291 833 J

318 878 451 915 cum
490 864 701 915 autem
741 863 1068 915 uideritis
1106 863 1256 914 haec
1294 861 1504 914 omnia
1541 861 1719 925 fieri,
1760 862 2001 915 scitote
2049 878 2195 931 quo—

317 949 490 1001 niam
531 949 594 1001 in
631 938 914 1015 proximo
955 949 1055 1001 est
1094 963 1356 1016 regnum
1396 947 1524 1000 Dei.
1584 963 1802 1017 regnum
1828 948 1950 1013 Dei,
2010 948 2195 1003 fratres

319 1034 660 1098 dilectissimi,
689 1050 796 1088 esse
823 1034 990 1100 coepit
1016 1034 1068 1086 111
1095 1033 1355 1101 proximo:
1383 1034 1673 1099 praemium
1700 1035 1839 1087 uitae
1867 1036 1919 1087 et
1946 1034 2195 1104 gaudium

318 1123 501 1174 salutis
540 1123 769 1173 aeternae
810 1122 860 1172 01
898 1121 1144 1186 perpetua
1182 1119 1385 1172 laetitia
1424 1120 1474 1171 et
1500 1119 1750 1187 possessio
1777 1121 2005 1187 paradisi
2030 1138 2193 1189 nuper

317 1207 505 1259 amissa
546 1207 733 1258 mundo
779 1206 1075 1258 transeunte
1121 1205 1224 1257 iam
1273 1205 1512 1257 ueniunt:
1553 1205 1659 1258 iam
1698 1207 1912 1259 terrenis
1951 1208 2192 1262 caelestia
2212 1229 2254 1260 ιο
2309 1229 2319 1285 3¹

316 1294 367 1344 et
393 1308 577 1359 magna
601 1292 774 1358 paruis
803 1293 853 1344 et
880 1292 1085 1344 caducis
1113 1293 1318 1344 aeterna
1345 1293 1640 1346 succedunt.
1670 1294 1784 1360 quis
1811 1294 1894 1346 hic
1921 1295 2194 1348 anxietatis

316 1380 366 1429 et
407 1378 769 1430 sollicitudinis
809 1379 948 1431 locus
989 1379 1103 1431 est?
1143 1379 1256 1445 quis
1296 1379 1431 1431 inter
1469 1379 1593 1432 haec
1630 1379 1863 1447 trepidus
1891 1381 1942 1434 et
1967 1383 2195 1435 maestus

316 1467 391 1515 est
429 1464 529 1515 nisi
575 1464 656 1515 cui
693 1480 805 1531 spes
833 1467 884 1516 et
911 1465 1035 1517 fides
1072 1465 1250 1517 deest?
1291 1466 1398 1518 eius
1444 1467 1522 1519 est
1566 1466 1703 1519 enim
1747 1468 1969 1519 mortem
2011 1468 2196 1521 timere

316 1550 402 1615 qui
430 1551 493 1601 ad
521 1549 782 1602 Christum
808 1550 938 1603 nolit
965 1551 1052 1603 ire.
1095 1552 1202 1604 eius
1233 1553 1309 1604 est
1336 1553 1399 1604 ad
1427 1551 1690 1605 Christum
1731 1553 1866 1605 nolle
1904 1553 1977 1606 ire
2016 1555 2104 1621 qui
2142 1569 2194 1606 30

316 1650 413 1687 11011
441 1636 612 1689 credat
639 1653 756 1689 cum
786 1636 987 1689 Christo
1016 1638 1238 1706 incipere
1266 1654 1495 1707 regnare.
2215 1661 2253 1690 15
2323 1635 2326 1639 ’

269 1716 297 1765 3
390 1720 649 1790 Scriptum
675 1725 776 1775 est:
839 1724 1085 1777 iustum
1124 1725 1266 1778 fide
1304 1726 1548 1778 uiuere.
1607 1727 1651 1778 si
1690 1727 1857 1779 iustus
1903 1743 1955 1780 es
2002 1729 2053 1780 et
2095 1727 2195 1780 fide

318 1807 482 1871 uiuis,
525 1809 567 1860 si
594 1826 712 1862 uere
743 1809 813 1881 [in
839 1810 1027 1883 Deum]
1059 1813 1248 1878 credis,
1292 1828 1380 1866 cur
1406 1828 1505 1865 non
1532 1830 1649 1866 cum
1678 1813 1879 1866 Christo
1908 1815 2115 1866 futurus
2141 1816 2194 1867 et

315 1892 374 1944 de
402 1894 610 1946 Domini
636 1897 1007 1962 pollicitatione
1035 1913 1266 1962 securus,
1306 1899 1440 1967 quod
1467 1899 1530 1951 ad
1559 1899 1824 1953 Christum
1851 1901 2048 1953 uoceris
2077 1917 2189 1954 am-

314 1979 549 2044 plecteris
589 1984 639 2034 et
677 1984 810 2049 quod
837 1985 1037 2038 diabolo
1066 2001 1238 2039 careas
1265 1988 1585 2055 gratularis?
1625 1987 1831 2040 Simeon
1857 1988 2075 2054 denique
2100 1987 2192 2040 ille

315 2064 480 2117 iustus
508 2067 595 2132 qui
624 2084 739 2120 uere
766 2069 931 2121 iustus
959 2070 1088 2134 fuit,
1118 2073 1205 2139 qui
1233 2073 1331 2125 fide
1358 2074 1507 2140 plena
1532 2074 1628 2125 Dei
1656 2075 1925 2141 praecepta
1950 2073 2192 2138 seruauit,
2211 2093 2253 2124 20

314 2168 429 2203 cum
477 2154 519 2205 ei
568 2154 816 2208 diuinitus
858 2173 1155 2224 responsum
1206 2159 1388 2212 fuisset
1433 2160 1567 2227 quod
1610 2166 1710 2212 non
1752 2161 1868 2212 ante
1912 2160 2194 2212 moreretur

315 2254 467 2303 quam
514 2239 776 2293 Christum
826 2243 1041 2296 uidisset
1081 2246 1131 2297 et
1178 2244 1412 2299 Christus
1457 2246 1626 2299 infans
1670 2247 1724 2298 in
1769 2247 2026 2313 templum
2072 2260 2189 2297 cum

313 2326 475 2376 matre
502 2326 749 2392 uenisset,
792 2331 1004 2398 agnouit
1030 2331 1084 2383 in
1111 2333 1296 2398 spiritu
1324 2335 1506 2386 natum
1534 2349 1641 2386 0330
1667 2334 1771 2387 iam
1799 2333 2087 2397 Christum,
2127 2332 2189 2384 de

312 2425 410 2475 quo
439 2410 536 2462 sibi
566 2412 732 2465 suerat
760 2417 877 2467 ante
904 2418 1249 2482 praedictum:
1292 2435 1389 2486 quo
1417 2420 1528 2472 uiso
1557 2420 1712 2472 sciuit
1740 2436 1792 2472 se
1821 2420 1921 2472 cito
1950 2435 2056 2472 esse
2082 2433 2194 2471 mo-

311 2495 550 2548 riturum.
590 2499 753 2551 laetus
780 2502 954 2569 itaque
982 2504 1043 2556 de
1071 2507 1235 2557 morte
1263 2506 1367 2558 iam
1395 2506 1627 2574 proxima
1656 2507 1707 2559 01
1734 2506 1795 2558 (10
1822 2506 1994 2558 uicina
2021 2521 2187 2558 arces·
2211 2523 2252 2556 2⁵

482 2686 507 2725 0
544 2684 642 2726 Luc.
669 2687 831 2734 21,31.
924 2690 976 2731 ic
1009 2689 1285 2742 Rom.1‚17.

402 2841 417 2881 l
457 2842 616 2884 00011111
641 2844 716 2886 Sl)
727 2845 831 2887 WG
844 2846 896 2896 V,
934 2846 1083 2889 docuit
1108 2863 1129 2891 v
1262 2851 1288 2892 2
1321 2853 1478 2906 quatct
1501 2852 1579 2895 W¹
1610 2851 1689 2894 sed
1711 2864 1824 2894 corr.
1848 2865 1903 2893 m.
1927 2853 1956 2893 :2
1975 2851 2027 2893 in
2047 2863 2189 2906 marq.

314 2915 535 2953 excuteret
558 2918 890 2969 000110111110101
919 2917 958 2960 G
984 2932 1036 2960 m.
1054 2922 1082 2961 2
1170 2921 1196 2962 6
1228 2921 1438 2964 uideretis
1470 2922 1505 2966 O
1609 2923 1632 2964 7
1666 2925 1734 2965 est
1755 2937 1788 2965 r.
1814 2912 1892 2966 ddi
1922 2922 1961 2965 G
2048 2922 2074 2964 9
2103 2922 2195 2964 lae-

314 2982 418 3024 titia
439 2983 632 3027 SOWG
649 2991 690 3027 ct
710 2988 904 3043 August.
933 2995 1095 3032 contra
1112 2991 1229 3034 duas·
1246 2994 1373 3047 epist.
1391 2994 1551 3050 Pelay.
1570 2996 1594 3035 I
1602 2995 1650 3047 V,
1674 2998 1719 3049 8,
1739 2997 1839 3046 22„
1865 2994 2080 3037 securitas
2099 2993 2195 3037 Ba-

313 3054 460 3096 lazius·
542 3056 595 3096 10
617 3056 808 3099 admissa
828 3059 867 3100 G
953 3063 1253 3105 transeuntem
1277 3064 1313 3107 Ο
1400 3066 1524 3108 1101111
1542 3067 1578 3110 O
1666 3066 1769 3121 iam]
1793 3080 1889 3109 cum
1917 3066 1966 3117 Ο,
1989 3068 2033 3109 01
2050 3066 2113 3110 W

315 3124 360 3166 11
398 3127 662 3169 succendunt
691 3129 767 3172 W·
788 3130 845 3172 G*
984 3133 1036 3174 13
1067 3138 1135 3176 031
1157 3148 1237 3177 om.
1270 3137 1330 3179 W*
1443 3138 1561 3181 enim
1583 3140 1650 3181 est
1673 3138 1754 3182 SG
1775 3139 1854 3182 sed
1875 3140 1927 3182 in
1956 3138 1997 3182 G
2022 3141 2090 3181 est
2109 3151 2141 3182 3.
2167 3138 2195 3181 Ζ.

313 3209 363 3238 m.
386 3200 415 3239 2
504 3198 557 3240 14
580 3199 710 3242 nollit
728 3201 806 3252 W,
830 3202 969 3245 nollet
993 3204 1029 3247 S
1038 3208 1045 3230 ¹
1144 3206 1257 3249 cius.
1278 3243 1285 3251 .
1308 3208 1392 3251 .ire
1413 3223 1494 3253 om.
1515 3210 1560 3261 S,
1583 3210 1706 3254 cuius
1730 3211 1832 3265 (pro
1849 3210 1980 3267 eius).
2001 3242 2009 3250 .
2029 3210 2113 3252 .ire
2135 3209 2198 3253 W

310 3282 343 3310 3.
363 3269 388 3311 I.
411 3283 463 3311 m.
484 3273 514 3312 2
603 3273 656 3314 15
677 3272 818 3315 credit
836 3287 891 3316 esc
909 3275 1058 3318 credat
1074 3278 1137 3321 W
1152 3292 1204 3320 m.
1222 3283 1252 3322 :3
1339 3280 1548 3338 incipere]
1568 3282 1613 3325 in
1637 3284 1848 3338 perpetuo
1878 3281 2079 3325 Gronau.
2104 3283 2194 3326 obs.

305 3355 352 3395 p.
373 3346 458 3385 627
549 3344 601 3385 16
634 3346 701 3387 est
721 3344 982 3397 SOWGV‚
1005 3349 1073 3390 est
1094 3349 1258 3394 enimv
1348 3352 1386 3394 si
1407 3366 1487 3396 om.
1512 3355 1576 3398 W
1671 3354 1723 3396 17
1748 3354 1802 3410 si]
1827 3354 1873 3396 in
1896 3339 1995 3396 ‹iossn
2017 3351 2114 3396 sis

311 3413 354 3454 in
378 3413 506 3456 deum
526 3415 692 3466 OWG,
716 3430 795 3459 om.
817 3417 860 3469 S,
886 3419 930 3460 in
952 3418 1170 3462 christum
1193 3436 1217 3464 v
1307 3424 1360 3465 18
1390 3423 1442 3466 (10
1464 3438 1544 3468 om.
1571 3425 1610 3469 S
1691 3424 1863 3469 uocatis
1888 3423 1928 3468 G
2017 3424 2071 3467 19
2090 3435 2193 3479 gra-

310 3483 468 3526 tuleris
494 3485 554 3527 (νη
643 3500 819 3542 symeon
841 3488 967 3532 SOG
1055 3492 1110 3534 20
1142 3492 1218 3546 qui
1240 3507 1280 3535 u.
1299 3495 1444 3538 iustus
1467 3510 1547 3540 om.
1572 3497 1608 3540 S
1692 3498 1749 3541 22
1780 3497 1927 3554 quam]
1951 3495 2039 3539 nisi
2068 3494 2110 3538 G

311 3566 407 3596 cum
430 3559 569 3599 matre
592 3557 637 3600 in
659 3559 873 3614 templum
903 3559 943 3603 G
1029 3561 1086 3604 25
1108 3575 1190 3618 que
1212 3564 1264 3607 de
1286 3569 1425 3609 morte
1447 3567 1536 3611 iam
1560 3568 1598 3612 S
1612 3582 1644 3612 s.
1670 3569 1697 3612 l.
1719 3583 1776 3612 m.
1798 3571 1830 3612 2
1934 3566 2100 3622 uicina]
2121 3564 2189 3609 di-

315 3624 416 3667 uina
445 3625 573 3670 GW²
661 3631 922 3674 arcesitione
946 3632 999 3685 S,
1031 3635 1318 3680 accersitione
1343 3638 1457 3690 WO,
1491 3640 1737 3684 accersione
1765 3640 1803 3684 G

2299 3430 2316 3511 4

2296 3512 2321 3641 Ξ
