2332 3978
686 213 980 269 Epistulae
1009 214 1260 260 LXXIII.
1291 229 1324 260 c.
1359 217 1510 263 7-10.
1914 223 2026 277 ⁴785

160 346 221 398 ut
262 343 489 398 oratione
528 359 619 410 pro
659 342 732 395 eis
771 343 949 397 habita
983 344 1034 396 61
1066 360 1222 398 manu
1262 345 1486 414 inposita
1521 349 1845 403 inuocaretur
1870 352 1922 403 et
1946 350 2026 403 111-

170 429 470 483 funderetur
507 444 657 496 super
692 443 774 481 eos
810 429 1020 497 spiritus
1056 432 1275 485 sanctus.
1318 434 1452 500 quod
1487 451 1620 488 nunc
1655 451 1854 503 quoque
1890 436 2028 504 apud
2083 494 2085 496 ,

157 530 250 569 1166
287 514 498 584 geritur,
534 514 595 565 ut
629 514 718 582 qui
754 514 808 567 in
844 515 1056 568 ecclesia
1090 515 1415 582 baptizantur
1447 521 1753 587 praepositis
1788 521 2028 574 ecclesiae

18 651 42 678 ÷
161 601 440 655 offerantur
491 600 542 653 et
590 616 680 668 per
727 600 956 654 nostram
1005 601 1286 654 orationem
1335 618 1392 656 ac
1434 619 1616 656 manus
1664 605 2026 672 inpositionem

123 703 142 734 ‹¹›
161 687 404 757 spiritum
464 688 700 740 sanctum
759 687 1134 754 consequantur
1183 688 1235 740 et
1284 688 1549 757 signaculo
1605 691 1858 744 dominico
1909 707 2028 745 con-

0 778 4 787 ’
158 772 497 827 summentur.
1894 824 1899 828 .

227 859 344 912 Non
369 858 447 912 est
465 872 600 926 ergo,
622 856 779 910 frater
799 856 1076 922 carissime,
1104 859 1240 925 quod
1257 859 1529 912 haereticis
1548 861 1828 914 cedendum
1849 862 2026 915 existi·
2049 856 2112 907 1⁰

155 961 357 998 memus
383 944 435 996 et
465 942 720 1010 baptisma
757 943 890 1010 quod
914 957 1014 996 non
1038 943 1141 996 nisi
1164 943 1254 996 uni
1280 949 1329 997 et
1356 945 1452 996 soli
1480 945 1722 999 ecclesiae
1748 947 1932 999 datum
1956 947 2027 1000 sit

157 1031 474 1103 prodendum
500 1029 759 1097 putemus.
799 1028 918 1081 boni
944 1028 1132 1081 militis
1158 1031 1236 1082 est
1262 1029 1509 1083 aduersus
1535 1031 1753 1084 rebelles
1779 1032 1830 1084 et
1855 1032 2026 1085 hostes

4 1108 26 1143 '³'
102 1135 144 1167 10
163 1117 489 1188 imperatoris
534 1115 614 1168 sui
659 1114 827 1167 castra
872 1113 1155 1168 defendere.
1201 1115 1414 1183 gloriosi
1457 1116 1603 1169 ducis
1641 1118 1719 1170 est
1755 1117 2030 1171 commissa

157 1208 261 1262 sibi
286 1205 435 1274 signa
460 1218 679 1256 seruare.
709 1200 960 1268 scriptum
985 1201 1088 1254 est:
1126 1202 1433 1254 Dominus
1470 1203 1638 1256 Deus
1674 1204 1826 1256 tuus
1862 1204 2027 1258 Deus

77 1357 85 1366 ·
154 1293 369 1347 zelans
419 1290 529 1343 est.
582 1287 670 1355 qui
720 1286 964 1354 spiritum
1002 1287 1099 1339 Dei
1137 1288 1424 1356 accepimus
1461 1289 1629 1342 zelum
1666 1289 1872 1343 diuinae
1908 1289 2028 1342 fidei

151 1380 338 1434 habere
382 1375 639 1437 debemUS,
684 1387 782 1440 quo
827 1373 933 1425 zelo
967 1372 1148 1426 Finees
1182 1373 1380 1440 placuit
1422 1375 1474 1427 et
1507 1375 1676 1429 Deum
1715 1376 2027 1442 promeritus

12 1519 15 1526 ,
156 1462 474 1533 indignantis
499 1461 632 1513 iram
657 1459 842 1527 populo
869 1460 1112 1527 pereunte
1135 1459 1336 1513 leniuit.
1366 1462 1491 1528 quid
1516 1461 1751 1514 adultera
1777 1463 1829 1514 et
1855 1462 2026 1515 aliena

12 1561 32 1571 ”
100 1579 140 1611 15
157 1554 210 1608 et
235 1551 440 1605 diuinae
477 1547 696 1601 unitatis
730 1546 941 1599 inimica
965 1546 1019 1599 in
1045 1547 1311 1613 acceptum
1345 1547 1630 1611 referimus,
1667 1548 1755 1614 qui
1791 1562 1893 1600 non
1925 1547 2027 1600 nisi

163 1654 326 1692 unum
352 1635 615 1689 Christum
641 1634 692 1685 61
716 1648 871 1685 unam
898 1633 1007 1684 eius
1034 1632 1299 1686 ecclesiam
1325 1633 1601 1686 nouimus?
1639 1633 1852 1686 ecclesia
1875 1648 2026 1700 para-

165 1723 266 1777 disi
303 1722 467 1775 instar
503 1718 787 1787 exprimens
823 1717 1026 1771 arbores
1062 1717 1336 1787 frugiferas
1370 1719 1507 1771 intra
1541 1734 1714 1772 muros
1740 1734 1858 1771 suos
1883 1719 2027 1771 intus

156 1809 386 1871 inclusit,
415 1823 474 1859 ex
501 1805 686 1873 quibus
713 1820 842 1871 quae
867 1818 967 1856 non
993 1803 1119 1857 facit
1143 1804 1372 1857 fructum
1399 1805 1590 1858 bonum
1617 1805 1870 1857 exciditur
1896 1806 1949 1857 et
1972 1805 2027 1856 in

3 1946 11 1957 ,
159 1897 335 1966 ignem
377 1892 626 1947 mittitur.
672 1891 764 1943 has
808 1890 1011 1943 arbores
1055 1891 1194 1959 rigat
1237 1892 1481 1958 quattuor
1517 1891 1819 1944 fluminibus
1857 1890 1912 1942 id
1949 1892 2027 1943 est

10 2002 15 2026 τ
99 2007 143 2040 20
165 1980 449 2050 euangeliis
476 1978 733 2046 quattuor,
762 1977 947 2044 quibus
972 1976 1221 2044 baptismi
1247 1977 1472 2045 gratiam
1498 1977 1715 2030 salutari
1742 1978 1794 2029 et
1820 1977 2029 2029 caelesti

10 2073 16 2083 '
159 2067 494 2123 inundatione
518 2065 755 2133 largitur.
783 2062 1039 2129 numquid
1064 2063 1126 2114 de
1149 2062 1389 2115 ecclesiae
1414 2062 1644 2115 fontibus
1670 2063 1836 2130 rigare
1861 2062 2031 2128 potest

158 2155 247 2224 qui
271 2154 412 2206 intus
438 2152 492 2204 in
517 2150 729 2203 ecclesia
753 2165 852 2201 non
878 2151 991 2200 est?
1017 2148 1270 2214 numquid
1296 2148 1521 2215 paradisi
1547 2150 1699 2215 potus
1727 2147 1958 2200 salubres
1978 2148 2030 2199 et

162 2240 412 2296 salutares
446 2235 692 2305 inpertire
728 2234 967 2301 cuiquam
991 2234 1161 2300 potest
1187 2234 1275 2301 qui
1300 2250 1567 2301 peruersus
1595 2236 1647 2288 et
1673 2251 1703 2287 a
1731 2235 1895 2287 semet
1918 2233 2029 2301 ipso

333 2409 388 2452 11
417 2408 549 2452 Deut.
579 2406 620 2457 4,
652 2406 719 2449 24.

246 2554 271 2596 1
293 2551 443 2609 posita
472 2550 527 2595 C¹
702 2549 747 2590 61
766 2545 1074 2589 infunderetur
1093 2559 1174 2590 om.
1198 2546 1244 2590 Β
1415 2546 1442 2590 3
1462 2547 1719 2602 baptizatur
1741 2548 1785 2590 Β
1952 2562 2030 2604 per

163 2622 435 2683 praepositos
463 2621 500 2665 G
717 2619 746 2662 4
764 2617 997 2661 offeramur
1018 2617 1063 2662 Β
1279 2617 1307 2661 5
1328 2621 1646 2674 consequaaetur
1669 2619 1714 2662 Β
1930 2633 2029 2663 6611-

160 2695 430 2740 summeaetur
450 2692 496 2742 Β
683 2690 707 2732 7
729 2689 867 2732 frater
886 2702 967 2732 om.
991 2689 1034 2732 P
1227 2690 1453 2733 carissime
1476 2704 1558 2734 om.
1583 2691 1619 2734 Ο
1789 2690 1843 2735 (16
1863 2691 2029 2735 hereti-

159 2767 223 2812 cis
245 2767 284 2812 G
480 2752 721 2807 cedendum
742 2761 796 2805 N
992 2759 1020 2802 8
1040 2759 1099 2815 61]
1122 2762 1174 2804 111
1195 2761 1257 2805 Gv
1459 2763 1504 2804 et
1525 2762 1610 2805 soli
1631 2775 1712 2806 om.
1742 2762 1779 2807 Ο
1969 2762 2031 2805 611

158 2854 242 2886 om.
264 2841 308 2885 B
498 2887 511 2903 ‚
544 2835 571 2879 9
591 2833 733 2877 hostis
755 2832 800 2875 Β
1031 2831 1085 2874 10
1103 2820 1301 2875 {amissa
1322 2853 1409 2877 *m*
1431 2833 1477 2876 Β
1705 2834 1760 2877 13
1782 2832 1897 2889 quod
1919 2833 1973 2877 Οι

156 2912 341 2970 phinees
363 2911 450 2962 Nv,
481 2897 644 2951 fineaes
666 2905 725 2957 Β,
753 2903 904 2946 finiuit
925 2903 981 2947 0¹
1237 2903 1437 2960 placauit
1459 2904 1515 2948 02
1772 2906 1819 2948 61
1843 2890 1948 2948 <iffi
1970 2905 2029 2956 Β,

156 2985 203 3029 61
222 2973 298 3028 (1ἶ11
320 2983 365 3026 61
385 2981 423 3025 G
441 2981 635 3024 alterum
655 2979 702 3021 et
721 2990 753 3020 s.
778 2976 803 3019 l.
951 2975 1202 3031 promeritis
1224 2974 1306 3019 GT
1325 2975 1363 3018 is
1385 2989 1441 3019 ex
1465 2989 1531 3029 us,
1551 2989 1629 3031 pro
1652 2976 1810 3019 merito
1832 2989 1908 3019 suo
1929 2976 1975 3019 Β

154 3046 212 3102 1‘4‘.
232 3054 483 3100 adulteram
504 3050 615 3095 GNv
873 3045 1035 3102 aliena]
1069 3045 1360 3102 alieniginam
1380 3060 1407 3091 v
1428 3051 1471 3090 et
1492 3046 1530 3090 Ο
1545 3048 1625 3091 sed
1645 3049 1698 3091 in
1719 3048 1758 3092 G
1782 3061 1854 3092 am
1875 3061 1931 3091 ex
1951 3060 1974 3090 6

154 3130 211 3175 15
231 3129 277 3171 61
296 3139 379 3171 om.
397 3124 434 3168 Ο
602 3119 774 3164 unitati
794 3119 839 3162 Β
1011 3117 1238 3166 inimicam
1260 3118 1322 3162 Cv
1495 3119 1549 3162 16
1569 3132 1701 3162 unam
1722 3119 1833 3175 eius]
1857 3118 2031 3162 unicam

155 3214 211 3247 ex
229 3199 384 3244 unitus
405 3194 443 3240 Ο
596 3193 641 3235 61
659 3190 843 3235 ecclesia
864 3189 953 3232 NP
1101 3188 1340 3245 paradisiis
1362 3189 1399 3233 C·
1404 3192 1418 3213 ¹
1581 3191 1634 3233 17
1655 3189 1889 3234 fuctiferas
1911 3190 1974 3234 Cv

154 3273 212 3318 18
230 3267 422 3316 includit
440 3280 468 3311 υ
583 3262 710 3320 quae]
732 3262 809 3318 qui
830 3260 932 3306 ΟΡι
1046 3259 1211 3304 bonum
1231 3259 1425 3304 fructum
1441 3261 1480 3305 Ο
1591 3262 1648 3305 20
1667 3261 1880 3305 salutaris
1901 3262 1973 3307 Bv

157 3346 204 3389 61
223 3357 306 3389 om.
328 3354 356 3386 υ
554 3333 759 3380 caelestis
779 3333 824 3377 B
1030 3331 1087 3375 21
1107 3331 1446 3376 inundationem
1471 3334 1529 3377 Τι
1730 3333 1871 3389 rigari
1892 3333 1975 3378 OT
1989 3332 2031 3376 ri

158 3430 216 3462 ex
234 3429 283 3460 re
470 3403 527 3456 22
548 3407 726 3453 saluber
744 3406 813 3448 661
835 3405 899 3459 (61
918 3405 1020 3457 om.)
1041 3403 1086 3447 L
1271 3404 1328 3447 23
1348 3417 1574 3459 peruersos
1596 3404 1641 3449 L
1811 3405 1930 3461 ipsos
1955 3405 2028 3458 1⁷¹,

159 3488 307 3545 ipsum
326 3486 372 3530 B
1364 3500 1367 3502 ·

330 3574 413 3611 111.
1617 3548 1688 3601 50
