<?xml version="1.0" encoding="UTF-8"?>
<!DOCTYPE html PUBLIC "-//W3C//DTD XHTML 1.0 Transitional//EN"
    "http://www.w3.org/TR/xhtml1/DTD/xhtml1-transitional.dtd">
<html xmlns="http://www.w3.org/1999/xhtml" xml:lang="en" lang="en">
 <head>
  <title>
</title>
<meta http-equiv="Content-Type" content="text/html;charset=utf-8" />
  <meta name='ocr-system' content='tesseract 3.04.00' />
  <meta name='ocr-capabilities' content='ocr_page ocr_carea ocr_par ocr_line ocrx_word'/>
</head>
<body>
  <div class='ocr_page' id='page_1' title='image "./sthascicaecilicy03cypruoft_0341.png"; bbox 0 0 2332 3978; ppageno 0'>
   <div class='ocr_carea' id='block_1_1' title="bbox 733 306 1979 361">
    <p class='ocr_par' dir='ltr' id='par_1_1' title="bbox 733 306 1979 361">
     <span class='ocr_line' id='line_1_1' title="bbox 733 306 1979 361; baseline 0.007 -11"><span class='ocrx_word' id='word_1_1' title='bbox 733 307 809 350; x_wconf 89' lang='lat' dir='ltr'>Ad</span> <span class='ocrx_word' id='word_1_2' title='bbox 839 306 1210 350; x_wconf 82' lang='lat' dir='ltr'>Fortunatum</span> <span class='ocrx_word' id='word_1_3' title='bbox 1243 319 1276 350; x_wconf 92' lang='lat' dir='ltr'>c.</span> <span class='ocrx_word' id='word_1_4' title='bbox 1307 306 1438 354; x_wconf 82' lang='lat'><strong>8-9.</strong></span> <span class='ocrx_word' id='word_1_5' title='bbox 1877 308 1979 361; x_wconf 82' lang='lat'>331</span> 
     </span>
    </p>
   </div>
   <div class='ocr_carea' id='block_1_2' title="bbox 49 435 1992 1007">
    <p class='ocr_par' dir='ltr' id='par_1_2' title="bbox 106 435 1990 763">
     <span class='ocr_line' id='line_1_2' title="bbox 108 435 1989 510; baseline -0.005 -13"><span class='ocrx_word' id='word_1_6' title='bbox 108 457 294 510; x_wconf 89' lang='lat' dir='ltr'>super</span> <span class='ocrx_word' id='word_1_7' title='bbox 330 454 481 494; x_wconf 91' lang='lat' dir='ltr'>eum.</span> <span class='ocrx_word' id='word_1_8' title='bbox 542 440 602 491; x_wconf 93' lang='lat' dir='ltr'>et</span> <span class='ocrx_word' id='word_1_9' title='bbox 639 440 856 491; x_wconf 86' lang='lat' dir='ltr'><strong>Aaron</strong></span> <span class='ocrx_word' id='word_1_10' title='bbox 908 437 968 490; x_wconf 93' lang='lat' dir='ltr'>et</span> <span class='ocrx_word' id='word_1_11' title='bbox 1004 435 1088 489; x_wconf 91' lang='lat' dir='ltr'>Ur</span> <span class='ocrx_word' id='word_1_12' title='bbox 1125 435 1546 489; x_wconf 73' lang='lat' dir='ltr'>sustinebant</span> <span class='ocrx_word' id='word_1_13' title='bbox 1584 452 1806 490; x_wconf 91' lang='lat' dir='ltr'>manus</span> <span class='ocrx_word' id='word_1_14' title='bbox 1846 436 1989 489; x_wconf 90' lang='lat' dir='ltr'>eius-</span> 
     </span>
     <span class='ocr_line' id='line_1_3' title="bbox 108 521 1986 590; baseline -0.004 -9"><span class='ocrx_word' id='word_1_15' title='bbox 108 527 253 581; x_wconf 91' lang='lat' dir='ltr'>hinc</span> <span class='ocrx_word' id='word_1_16' title='bbox 306 527 366 579; x_wconf 94' lang='lat' dir='ltr'>et</span> <span class='ocrx_word' id='word_1_17' title='bbox 420 524 593 578; x_wconf 89' lang='lat' dir='ltr'>inde:</span> <span class='ocrx_word' id='word_1_18' title='bbox 657 524 718 577; x_wconf 92' lang='lat' dir='ltr'>et</span> <span class='ocrx_word' id='word_1_19' title='bbox 755 522 969 576; x_wconf 85' lang='lat' dir='ltr'>factae</span> <span class='ocrx_word' id='word_1_20' title='bbox 1008 524 1157 575; x_wconf 91' lang='lat' dir='ltr'>sunt</span> <span class='ocrx_word' id='word_1_21' title='bbox 1194 537 1416 575; x_wconf 91' lang='lat' dir='ltr'>manus</span> <span class='ocrx_word' id='word_1_22' title='bbox 1454 521 1661 590; x_wconf 83' lang='lat' dir='ltr'>Moysi</span> <span class='ocrx_word' id='word_1_23' title='bbox 1700 521 1986 576; x_wconf 90' lang='lat' dir='ltr'>stabiles</span> 
     </span>
     <span class='ocr_line' id='line_1_4' title="bbox 107 607 1987 679; baseline -0.003 -13"><span class='ocrx_word' id='word_1_24' title='bbox 107 611 406 679; x_wconf 89' lang='lat' dir='ltr'>usquein</span> <span class='ocrx_word' id='word_1_25' title='bbox 442 625 738 664; x_wconf 88' lang='lat' dir='ltr'>occasum</span> <span class='ocrx_word' id='word_1_26' title='bbox 775 608 957 662; x_wconf 92' lang='grc'>30113.</span> <span class='ocrx_word' id='word_1_27' title='bbox 1019 609 1080 661; x_wconf 92' lang='lat' dir='ltr'>et</span> <span class='ocrx_word' id='word_1_28' title='bbox 1137 607 1400 676; x_wconf 83' lang='lat' dir='ltr'>fugauit</span> <span class='ocrx_word' id='word_1_29' title='bbox 1450 607 1632 660; x_wconf 92' lang='lat' dir='ltr'>Iesus</span> <span class='ocrx_word' id='word_1_30' title='bbox 1671 607 1987 662; x_wconf 81' lang='lat' dir='ltr'><strong>Amalech</strong></span> 
     </span>
     <span class='ocr_line' id='line_1_5' title="bbox 106 693 1990 763; baseline -0.002 -12"><span class='ocrx_word' id='word_1_31' title='bbox 106 699 166 751; x_wconf 89' lang='lat' dir='ltr'>et</span> <span class='ocrx_word' id='word_1_32' title='bbox 191 712 427 752; x_wconf 91' lang='lat' dir='ltr'>omnem</span> <span class='ocrx_word' id='word_1_33' title='bbox 452 694 759 763; x_wconf 89' lang='lat' dir='ltr'>populum</span> <span class='ocrx_word' id='word_1_34' title='bbox 786 695 939 748; x_wconf 82' lang='lat' dir='ltr'>eiuS.</span> <span class='ocrx_word' id='word_1_35' title='bbox 969 696 1029 748; x_wconf 91' lang='lat' dir='ltr'>et</span> <span class='ocrx_word' id='word_1_36' title='bbox 1055 693 1225 747; x_wconf 87' lang='lat' dir='ltr'>dixit</span> <span class='ocrx_word' id='word_1_37' title='bbox 1250 693 1562 747; x_wconf 85' lang='lat' dir='ltr'>Dominus</span> <span class='ocrx_word' id='word_1_38' title='bbox 1600 694 1675 748; x_wconf 91' lang='lat' dir='ltr'>ad</span> <span class='ocrx_word' id='word_1_39' title='bbox 1700 694 1990 763; x_wconf 76' lang='lat' dir='ltr'>Moysen:</span> 
     </span>
    </p>

    <p class='ocr_par' dir='ltr' id='par_1_3' title="bbox 49 779 1992 1007">
     <span class='ocr_line' id='line_1_6' title="bbox 49 779 1992 846; baseline -0.002 -10"><span class='ocrx_word' id='word_1_40' title='bbox 49 795 70 830; x_wconf 72' lang='lat'>⁵</span> <span class='ocrx_word' id='word_1_41' title='bbox 105 781 316 837; x_wconf 89' lang='lat' dir='ltr'>scribe</span> <span class='ocrx_word' id='word_1_42' title='bbox 342 782 470 846; x_wconf 94' lang='lat' dir='ltr'>hoc,</span> <span class='ocrx_word' id='word_1_43' title='bbox 509 782 581 834; x_wconf 92' lang='lat' dir='ltr'>ut</span> <span class='ocrx_word' id='word_1_44' title='bbox 619 779 1119 834; x_wconf 89' lang='lat' dir='ltr'>sitmemoriale</span> <span class='ocrx_word' id='word_1_45' title='bbox 1157 780 1220 832; x_wconf 91' lang='lat' dir='ltr'>in</span> <span class='ocrx_word' id='word_1_46' title='bbox 1257 779 1451 844; x_wconf 86' lang='lat' dir='ltr'>libre,</span> <span class='ocrx_word' id='word_1_47' title='bbox 1492 781 1552 834; x_wconf 92' lang='lat' dir='ltr'>et</span> <span class='ocrx_word' id='word_1_48' title='bbox 1589 780 1664 833; x_wconf 88' lang='lat' dir='ltr'>da</span> <span class='ocrx_word' id='word_1_49' title='bbox 1701 779 1765 833; x_wconf 91' lang='lat' dir='ltr'>in</span> <span class='ocrx_word' id='word_1_50' title='bbox 1802 795 1992 833; x_wconf 86' lang='lat' dir='ltr'>aures</span> 
     </span>
     <span class='ocr_line' id='line_1_7' title="bbox 106 864 1991 936; baseline -0.002 -15"><span class='ocrx_word' id='word_1_51' title='bbox 106 865 275 934; x_wconf 90' lang='lat' dir='ltr'>Iesu,</span> <span class='ocrx_word' id='word_1_52' title='bbox 334 866 634 936; x_wconf 90' lang='lat' dir='ltr'>quoniam</span> <span class='ocrx_word' id='word_1_53' title='bbox 690 865 1020 920; x_wconf 73' lang='lat' dir='ltr'>deletione</span> <span class='ocrx_word' id='word_1_54' title='bbox 1079 865 1333 919; x_wconf 84' lang='lat' dir='ltr'>deleam</span> <span class='ocrx_word' id='word_1_55' title='bbox 1388 864 1991 922; x_wconf 85' lang='lat' dir='ltr'>memoriam.Ama-</span> 
     </span>
     <span class='ocr_line' id='line_1_8' title="bbox 104 952 744 1007; baseline -0.003 0"><span class='ocrx_word' id='word_1_56' title='bbox 104 953 247 1007; x_wconf 92' lang='lat' dir='ltr'>lech</span> <span class='ocrx_word' id='word_1_57' title='bbox 285 953 355 1007; x_wconf 92' lang='lat' dir='ltr'>de</span> <span class='ocrx_word' id='word_1_58' title='bbox 392 952 509 1007; x_wconf 89' lang='lat' dir='ltr'>sub</span> <span class='ocrx_word' id='word_1_59' title='bbox 549 952 744 1006; x_wconf 89' lang='lat' dir='ltr'>caelo.</span> 
     </span>
    </p>
   </div>
   <div class='ocr_carea' id='block_1_3' title="bbox 105 1082 1986 1137">
    <p class='ocr_par' dir='ltr' id='par_1_4' title="bbox 105 1082 1986 1137">
     <span class='ocr_line' id='line_1_9' title="bbox 105 1082 1986 1137; baseline -0.003 0"><span class='ocrx_word' id='word_1_60' title='bbox 105 1082 194 1137; x_wconf 91' lang='lat' dir='ltr'>AD</span> <span class='ocrx_word' id='word_1_61' title='bbox 238 1095 353 1136; x_wconf 84' lang='lat' dir='ltr'>HOC</span> <span class='ocrx_word' id='word_1_62' title='bbox 397 1094 713 1134; x_wconf 83' lang='lat' dir='ltr'>PRESSVRAS</span> <span class='ocrx_word' id='word_1_63' title='bbox 748 1096 820 1133; x_wconf 83' lang='lat' dir='ltr'>ET</span> <span class='ocrx_word' id='word_1_64' title='bbox 856 1094 1316 1134; x_wconf 85' lang='lat' dir='ltr'><strong><em>PERSECVTIONES</em></strong></span> <span class='ocrx_word' id='word_1_65' title='bbox 1354 1096 1511 1133; x_wconf 87' lang='lat' dir='ltr'><strong>FIERI</strong></span> <span class='ocrx_word' id='word_1_66' title='bbox 1548 1095 1622 1134; x_wconf 90' lang='lat' dir='ltr'>VT</span> <span class='ocrx_word' id='word_1_67' title='bbox 1659 1094 1986 1134; x_wconf 85' lang='lat' dir='ltr'><strong>PROBEMVR.</strong></span> 
     </span>
    </p>
   </div>
   <div class='ocr_carea' id='block_1_4' title="bbox 16 1180 2045 2798">
    <p class='ocr_par' dir='ltr' id='par_1_5' title="bbox 16 1180 2045 2798">
     <span class='ocr_line' id='line_1_10' title="bbox 83 1180 2045 1249; baseline 0.001 -14"><span class='ocrx_word' id='word_1_68' title='bbox 83 1246 90 1249; x_wconf 9' lang='grc' dir='ltr'>χ</span> <span class='ocrx_word' id='word_1_69' title='bbox 176 1182 238 1235; x_wconf 87' lang='grc'>10</span> <span class='ocrx_word' id='word_1_70' title='bbox 262 1181 681 1234; x_wconf 84' lang='lat' dir='ltr'>Deuteronomio:</span> <span class='ocrx_word' id='word_1_71' title='bbox 725 1180 1028 1249; x_wconf 87' lang='lat' dir='ltr'>Temptat</span> <span class='ocrx_word' id='word_1_72' title='bbox 1064 1181 1369 1234; x_wconf 84' lang='lat' dir='ltr'>Dominus</span> <span class='ocrx_word' id='word_1_73' title='bbox 1407 1182 1580 1234; x_wconf 90' lang='lat' dir='ltr'>Deus</span> <span class='ocrx_word' id='word_1_74' title='bbox 1618 1182 1840 1234; x_wconf 90' lang='lat' dir='ltr'>uester</span> <span class='ocrx_word' id='word_1_75' title='bbox 1878 1187 2045 1236; x_wconf 72' lang='lat' dir='ltr'>uos9=</span> 
     </span>
     <span class='ocr_line' id='line_1_11' title="bbox 47 1266 1988 1336; baseline -0.002 -14"><span class='ocrx_word' id='word_1_76' title='bbox 47 1271 174 1322; x_wconf 69' lang='lat' dir='ltr'>⁴mut</span> <span class='ocrx_word' id='word_1_77' title='bbox 226 1267 396 1322; x_wconf 89' lang='lat' dir='ltr'>sciat</span> <span class='ocrx_word' id='word_1_78' title='bbox 452 1266 507 1319; x_wconf 91' lang='lat' dir='ltr'>si</span> <span class='ocrx_word' id='word_1_79' title='bbox 564 1266 863 1336; x_wconf 82' lang='lat' dir='ltr'>diligitis</span> <span class='ocrx_word' id='word_1_80' title='bbox 918 1266 1258 1320; x_wconf 92' lang='lat' dir='ltr'>Dominum</span> <span class='ocrx_word' id='word_1_81' title='bbox 1314 1267 1512 1320; x_wconf 91' lang='lat' dir='ltr'>Deum</span> <span class='ocrx_word' id='word_1_82' title='bbox 1576 1267 1865 1319; x_wconf 88' lang='lat' dir='ltr'>uestrum</span> <span class='ocrx_word' id='word_1_83' title='bbox 1920 1282 1988 1319; x_wconf 84' lang='lat' dir='ltr'>ex</span> 
     </span>
     <span class='ocr_line' id='line_1_12' title="bbox 106 1352 1989 1408; baseline -0.002 -1"><span class='ocrx_word' id='word_1_84' title='bbox 106 1354 239 1408; x_wconf 92' lang='lat' dir='ltr'>toto</span> <span class='ocrx_word' id='word_1_85' title='bbox 279 1353 464 1407; x_wconf 94' lang='lat' dir='ltr'>corde</span> <span class='ocrx_word' id='word_1_86' title='bbox 502 1354 719 1406; x_wconf 91' lang='lat' dir='ltr'>uestro</span> <span class='ocrx_word' id='word_1_87' title='bbox 759 1353 822 1405; x_wconf 91' lang='lat' dir='ltr'>et</span> <span class='ocrx_word' id='word_1_88' title='bbox 861 1368 929 1405; x_wconf 86' lang='lat' dir='ltr'>ex</span> <span class='ocrx_word' id='word_1_89' title='bbox 965 1353 1105 1405; x_wconf 89' lang='lat' dir='ltr'>tota</span> <span class='ocrx_word' id='word_1_90' title='bbox 1143 1352 1352 1405; x_wconf 89' lang='lat' dir='ltr'>anima</span> <span class='ocrx_word' id='word_1_91' title='bbox 1389 1354 1609 1405; x_wconf 90' lang='lat' dir='ltr'>uestra</span> <span class='ocrx_word' id='word_1_92' title='bbox 1647 1354 1707 1405; x_wconf 94' lang='lat' dir='ltr'>et</span> <span class='ocrx_word' id='word_1_93' title='bbox 1745 1367 1812 1404; x_wconf 87' lang='lat' dir='ltr'>ex</span> <span class='ocrx_word' id='word_1_94' title='bbox 1851 1352 1989 1405; x_wconf 89' lang='lat' dir='ltr'>tota</span> 
     </span>
     <span class='ocr_line' id='line_1_13' title="bbox 106 1437 1988 1508; baseline -0.003 -12"><span class='ocrx_word' id='word_1_95' title='bbox 106 1441 363 1496; x_wconf 90' lang='lat' dir='ltr'>uirtute</span> <span class='ocrx_word' id='word_1_96' title='bbox 401 1440 636 1492; x_wconf 90' lang='lat' dir='ltr'>uestra.</span> <span class='ocrx_word' id='word_1_97' title='bbox 696 1439 748 1492; x_wconf 92' lang='lat' dir='ltr'>et</span> <span class='ocrx_word' id='word_1_98' title='bbox 790 1438 983 1491; x_wconf 92' lang='lat' dir='ltr'>iterum</span> <span class='ocrx_word' id='word_1_99' title='bbox 1024 1439 1151 1506; x_wconf 89' lang='lat' dir='ltr'>aput</span> <span class='ocrx_word' id='word_1_100' title='bbox 1195 1437 1544 1492; x_wconf 84' lang='lat' dir='ltr'>Salomonem:</span> <span class='ocrx_word' id='word_1_101' title='bbox 1586 1454 1745 1492; x_wconf 93' lang='lat' dir='ltr'>uasa</span> <span class='ocrx_word' id='word_1_102' title='bbox 1783 1438 1988 1508; x_wconf 83' lang='lat' dir='ltr'>figuli</span> 
     </span>
     <span class='ocr_line' id='line_1_14' title="bbox 105 1524 1988 1595; baseline -0.002 -15"><span class='ocrx_word' id='word_1_103' title='bbox 105 1526 331 1595; x_wconf 89' lang='lat' dir='ltr'>probat</span> <span class='ocrx_word' id='word_1_104' title='bbox 367 1526 592 1579; x_wconf 85' lang='lat' dir='ltr'>fornax</span> <span class='ocrx_word' id='word_1_105' title='bbox 630 1526 690 1578; x_wconf 96' lang='lat' dir='ltr'>et</span> <span class='ocrx_word' id='word_1_106' title='bbox 727 1524 1020 1577; x_wconf 91' lang='lat' dir='ltr'>homines</span> <span class='ocrx_word' id='word_1_107' title='bbox 1071 1524 1281 1577; x_wconf 92' lang='lat' dir='ltr'>iustos</span> <span class='ocrx_word' id='word_1_108' title='bbox 1319 1524 1673 1592; x_wconf 90' lang='lat' dir='ltr'>temptatio</span> <span class='ocrx_word' id='word_1_109' title='bbox 1712 1524 1988 1577; x_wconf 88' lang='lat' dir='ltr'>tribula-</span> 
     </span>
     <span class='ocr_line' id='line_1_15' title="bbox 104 1610 1989 1680; baseline -0.002 -14"><span class='ocrx_word' id='word_1_110' title='bbox 104 1613 197 1667; x_wconf 92' lang='lat' dir='ltr'>tio</span> <span class='ocrx_word' id='word_1_111' title='bbox 210 1613 326 1666; x_wconf 90' lang='grc'>013.</span> <span class='ocrx_word' id='word_1_112' title='bbox 352 1612 546 1665; x_wconf 92' lang='lat' dir='ltr'>Paulus</span> <span class='ocrx_word' id='word_1_113' title='bbox 573 1625 771 1679; x_wconf 90' lang='lat' dir='ltr'>quoque</span> <span class='ocrx_word' id='word_1_114' title='bbox 796 1610 937 1677; x_wconf 87' lang='lat' dir='ltr'>paria</span> <span class='ocrx_word' id='word_1_115' title='bbox 957 1610 1180 1663; x_wconf 88' lang='lat' dir='ltr'>testatur</span> <span class='ocrx_word' id='word_1_116' title='bbox 1200 1625 1258 1663; x_wconf 89' lang='lat' dir='ltr'>ac</span> <span class='ocrx_word' id='word_1_117' title='bbox 1277 1610 1509 1677; x_wconf 91' lang='lat' dir='ltr'>loquitur</span> <span class='ocrx_word' id='word_1_118' title='bbox 1527 1610 1723 1663; x_wconf 86' lang='lat' dir='ltr'>dicens:</span> <span class='ocrx_word' id='word_1_119' title='bbox 1753 1610 1854 1680; x_wconf 77' lang='lat' dir='ltr'>glo</span> <span class='ocrx_word' id='word_1_120' title='bbox 1867 1610 1989 1663; x_wconf 90' lang='lat' dir='ltr'>ria-</span> 
     </span>
     <span class='ocr_line' id='line_1_16' title="bbox 50 1696 1989 1767; baseline 0 -19"><span class='ocrx_word' id='word_1_121' title='bbox 50 1713 242 1752; x_wconf 71' lang='lat' dir='ltr'>nsmur</span> <span class='ocrx_word' id='word_1_122' title='bbox 279 1698 342 1751; x_wconf 92' lang='lat' dir='ltr'>in</span> <span class='ocrx_word' id='word_1_123' title='bbox 379 1713 489 1767; x_wconf 88' lang='lat' dir='ltr'>spe</span> <span class='ocrx_word' id='word_1_124' title='bbox 529 1697 877 1750; x_wconf 84' lang='lat' dir='ltr'>claritatis</span> <span class='ocrx_word' id='word_1_125' title='bbox 915 1696 1046 1749; x_wconf 90' lang='lat' dir='ltr'>Dei.</span> <span class='ocrx_word' id='word_1_126' title='bbox 1103 1712 1225 1750; x_wconf 90' lang='lat' dir='ltr'>non</span> <span class='ocrx_word' id='word_1_127' title='bbox 1272 1697 1480 1749; x_wconf 94' lang='lat' dir='ltr'>solum</span> <span class='ocrx_word' id='word_1_128' title='bbox 1526 1698 1742 1750; x_wconf 88' lang='lat' dir='ltr'>autem</span> <span class='ocrx_word' id='word_1_129' title='bbox 1781 1696 1888 1749; x_wconf 89' lang='lat' dir='ltr'>sed</span> <span class='ocrx_word' id='word_1_130' title='bbox 1927 1698 1989 1749; x_wconf 91' lang='lat' dir='ltr'>et</span> 
     </span>
     <span class='ocr_line' id='line_1_17' title="bbox 103 1782 1990 1855; baseline -0.002 -17"><span class='ocrx_word' id='word_1_131' title='bbox 103 1785 463 1855; x_wconf 89' lang='lat' dir='ltr'>gloriamur</span> <span class='ocrx_word' id='word_1_132' title='bbox 517 1784 581 1838; x_wconf 93' lang='lat' dir='ltr'>in</span> <span class='ocrx_word' id='word_1_133' title='bbox 635 1783 962 1852; x_wconf 88' lang='lat' dir='ltr'>pressuris</span> <span class='ocrx_word' id='word_1_134' title='bbox 1021 1782 1305 1836; x_wconf 89' lang='lat' dir='ltr'>scientes</span> <span class='ocrx_word' id='word_1_135' title='bbox 1345 1784 1645 1851; x_wconf 88' lang='lat' dir='ltr'>quoniam</span> <span class='ocrx_word' id='word_1_136' title='bbox 1682 1799 1990 1851; x_wconf 88' lang='lat' dir='ltr'>pressura</span> 
     </span>
     <span class='ocr_line' id='line_1_18' title="bbox 36 1869 1990 1938; baseline -0.002 -13"><span class='ocrx_word' id='word_1_137' title='bbox 36 1891 37 1894; x_wconf 43' lang='lat'>¹</span> <span class='ocrx_word' id='word_1_138' title='bbox 101 1870 529 1925; x_wconf 86' lang='lat' dir='ltr'>tolerantiam</span> <span class='ocrx_word' id='word_1_139' title='bbox 586 1870 931 1938; x_wconf 85' lang='lat' dir='ltr'>operatur,</span> <span class='ocrx_word' id='word_1_140' title='bbox 990 1869 1343 1922; x_wconf 87' lang='lat' dir='ltr'>tolerantia</span> <span class='ocrx_word' id='word_1_141' title='bbox 1394 1871 1606 1922; x_wconf 91' lang='lat' dir='ltr'>autem</span> <span class='ocrx_word' id='word_1_142' title='bbox 1660 1870 1990 1936; x_wconf 89' lang='lat' dir='ltr'>probatio-</span> 
     </span>
     <span class='ocr_line' id='line_1_19' title="bbox 30 1956 1995 2026; baseline -0.001 -15"><span class='ocrx_word' id='word_1_143' title='bbox 30 1974 41 2001; x_wconf 74' lang='lat' dir='ltr'>z</span> <span class='ocrx_word' id='word_1_144' title='bbox 100 1972 270 2022; x_wconf 92' lang='lat' dir='ltr'>nem,</span> <span class='ocrx_word' id='word_1_145' title='bbox 309 1957 608 2026; x_wconf 88' lang='lat' dir='ltr'>probatio</span> <span class='ocrx_word' id='word_1_146' title='bbox 646 1958 863 2010; x_wconf 91' lang='lat' dir='ltr'>autem</span> <span class='ocrx_word' id='word_1_147' title='bbox 902 1971 1100 2024; x_wconf 86' lang='lat' dir='ltr'>spem:</span> <span class='ocrx_word' id='word_1_148' title='bbox 1142 1971 1281 2023; x_wconf 90' lang='lat' dir='ltr'>spes</span> <span class='ocrx_word' id='word_1_149' title='bbox 1320 1958 1531 2009; x_wconf 89' lang='lat' dir='ltr'>autem</span> <span class='ocrx_word' id='word_1_150' title='bbox 1569 1972 1686 2009; x_wconf 90' lang='lat' dir='ltr'>non</span> <span class='ocrx_word' id='word_1_151' title='bbox 1726 1956 1995 2010; x_wconf 87' lang='lat' dir='ltr'>confun-</span> 
     </span>
     <span class='ocr_line' id='line_1_20' title="bbox 18 2040 1993 2136; baseline -0.001 -40"><span class='ocrx_word' id='word_1_152' title='bbox 18 2040 61 2136; x_wconf 47' lang='lat'>423«</span> <span class='ocrx_word' id='word_1_153' title='bbox 101 2043 222 2108; x_wconf 92' lang='lat' dir='ltr'>dit,</span> <span class='ocrx_word' id='word_1_154' title='bbox 286 2043 436 2110; x_wconf 92' lang='lat' dir='ltr'>quia</span> <span class='ocrx_word' id='word_1_155' title='bbox 492 2043 765 2096; x_wconf 93' lang='lat' dir='ltr'>dilectio</span> <span class='ocrx_word' id='word_1_156' title='bbox 821 2042 934 2095; x_wconf 90' lang='lat' dir='ltr'>Dei</span> <span class='ocrx_word' id='word_1_157' title='bbox 992 2041 1213 2095; x_wconf 86' lang='lat' dir='ltr'>infusa</span> <span class='ocrx_word' id='word_1_158' title='bbox 1263 2044 1359 2095; x_wconf 91' lang='lat' dir='ltr'>est</span> <span class='ocrx_word' id='word_1_159' title='bbox 1398 2043 1704 2096; x_wconf 81' lang='lat' dir='ltr'>cordibus</span> <span class='ocrx_word' id='word_1_160' title='bbox 1742 2043 1993 2095; x_wconf 87' lang='lat' dir='ltr'>nostris</span> 
     </span>
     <span class='ocr_line' id='line_1_21' title="bbox 16 2107 1994 2202; baseline -0.001 -20"><span class='ocrx_word' id='word_1_161' title='bbox 16 2107 214 2202; x_wconf 34' lang='lat' dir='ltr'>&#39;imper</span> <span class='ocrx_word' id='word_1_162' title='bbox 252 2127 578 2197; x_wconf 87' lang='lat' dir='ltr'>Spiritum</span> <span class='ocrx_word' id='word_1_163' title='bbox 616 2130 911 2182; x_wconf 89' lang='lat' dir='ltr'>sanctum</span> <span class='ocrx_word' id='word_1_164' title='bbox 950 2129 1057 2195; x_wconf 91' lang='lat' dir='ltr'>qui</span> <span class='ocrx_word' id='word_1_165' title='bbox 1099 2128 1283 2182; x_wconf 91' lang='lat' dir='ltr'>datus</span> <span class='ocrx_word' id='word_1_166' title='bbox 1323 2129 1423 2182; x_wconf 87' lang='lat' dir='ltr'>est</span> <span class='ocrx_word' id='word_1_167' title='bbox 1459 2129 1665 2182; x_wconf 87' lang='lat' dir='ltr'>nobis.</span> <span class='ocrx_word' id='word_1_168' title='bbox 1726 2130 1777 2181; x_wconf 91' lang='lat' dir='ltr'>et</span> <span class='ocrx_word' id='word_1_169' title='bbox 1803 2129 1994 2181; x_wconf 88' lang='lat' dir='ltr'>Petrus</span> 
     </span>
     <span class='ocr_line' id='line_1_22' title="bbox 101 2215 1991 2285; baseline -0.001 -17.069"><span class='ocrx_word' id='word_1_170' title='bbox 101 2215 400 2284; x_wconf 90' lang='lat' dir='ltr'>inepistula</span> <span class='ocrx_word' id='word_1_171' title='bbox 425 2231 517 2269; x_wconf 90' lang='lat' dir='ltr'>sua</span> <span class='ocrx_word' id='word_1_172' title='bbox 542 2215 688 2285; x_wconf 90' lang='lat' dir='ltr'>ponit</span> <span class='ocrx_word' id='word_1_173' title='bbox 713 2216 766 2269; x_wconf 94' lang='lat' dir='ltr'>et</span> <span class='ocrx_word' id='word_1_174' title='bbox 791 2216 945 2269; x_wconf 91' lang='lat' dir='ltr'>dicit.</span> <span class='ocrx_word' id='word_1_175' title='bbox 988 2216 1343 2280; x_wconf 80' lang='lat' dir='ltr'>carissimi</span> <span class='ocrx_word' id='word_1_176' title='bbox 1383 2215 1593 2269; x_wconf 88' lang='lat' dir='ltr'>nolite</span> <span class='ocrx_word' id='word_1_177' title='bbox 1631 2215 1860 2267; x_wconf 86' lang='lat' dir='ltr'>mirari</span> <span class='ocrx_word' id='word_1_178' title='bbox 1898 2230 1991 2267; x_wconf 88' lang='lat' dir='ltr'>ar-</span> 
     </span>
     <span class='ocr_line' id='line_1_23' title="bbox 104 2300 1995 2370; baseline -0.001 -16"><span class='ocrx_word' id='word_1_179' title='bbox 104 2300 313 2355; x_wconf 89' lang='lat' dir='ltr'>dorem</span> <span class='ocrx_word' id='word_1_180' title='bbox 351 2302 760 2356; x_wconf 88' lang='lat' dir='ltr'>accidentem</span> <span class='ocrx_word' id='word_1_181' title='bbox 811 2302 994 2355; x_wconf 90' lang='lat' dir='ltr'>uobis</span> <span class='ocrx_word' id='word_1_182' title='bbox 1050 2303 1156 2370; x_wconf 89' lang='lat' dir='ltr'>qui</span> <span class='ocrx_word' id='word_1_183' title='bbox 1212 2303 1287 2355; x_wconf 87' lang='lat' dir='ltr'>ad</span> <span class='ocrx_word' id='word_1_184' title='bbox 1339 2302 1841 2369; x_wconf 91' lang='lat' dir='ltr'>temptationem</span> <span class='ocrx_word' id='word_1_185' title='bbox 1890 2316 1995 2353; x_wconf 90' lang='lat' dir='ltr'>ue-</span> 
     </span>
     <span class='ocr_line' id='line_1_24' title="bbox 27 2385 1997 2454; baseline -0.002 -14"><span class='ocrx_word' id='word_1_186' title='bbox 27 2387 29 2390; x_wconf 49' lang='lat'><strong>⁴</strong></span> <span class='ocrx_word' id='word_1_187' title='bbox 103 2387 301 2441; x_wconf 90' lang='lat' dir='ltr'>stram</span> <span class='ocrx_word' id='word_1_188' title='bbox 358 2386 478 2451; x_wconf 89' lang='lat' dir='ltr'>fit,</span> <span class='ocrx_word' id='word_1_189' title='bbox 542 2402 656 2440; x_wconf 90' lang='lat' dir='ltr'>nec</span> <span class='ocrx_word' id='word_1_190' title='bbox 710 2387 1068 2452; x_wconf 81' lang='lat' dir='ltr'>excidatiS,</span> <span class='ocrx_word' id='word_1_191' title='bbox 1134 2389 1463 2454; x_wconf 92' lang='lat' dir='ltr'>tamquam</span> <span class='ocrx_word' id='word_1_192' title='bbox 1519 2402 1750 2440; x_wconf 89' lang='lat' dir='ltr'>nouum</span> <span class='ocrx_word' id='word_1_193' title='bbox 1802 2385 1997 2438; x_wconf 85' lang='lat' dir='ltr'>uobis</span> 
     </span>
     <span class='ocr_line' id='line_1_25' title="bbox 42 2467 1993 2542; baseline -0.002 -16"><span class='ocrx_word' id='word_1_194' title='bbox 42 2467 43 2470; x_wconf 60' lang='grc'>’</span> <span class='ocrx_word' id='word_1_195' title='bbox 103 2473 457 2542; x_wconf 82' lang='lat' dir='ltr'>contingat.</span> <span class='ocrx_word' id='word_1_196' title='bbox 487 2473 592 2526; x_wconf 90' lang='lat' dir='ltr'>sed</span> <span class='ocrx_word' id='word_1_197' title='bbox 618 2473 1201 2541; x_wconf 88' lang='lat' dir='ltr'>quotienscumque</span> <span class='ocrx_word' id='word_1_198' title='bbox 1228 2473 1722 2527; x_wconf 90' lang='lat' dir='ltr'>communicatis</span> <span class='ocrx_word' id='word_1_199' title='bbox 1744 2470 1993 2525; x_wconf 83' lang='lat' dir='ltr'>Christi</span> 
     </span>
     <span class='ocr_line' id='line_1_26' title="bbox 39 2558 1997 2628; baseline -0.002 -15"><span class='ocrx_word' id='word_1_200' title='bbox 39 2558 561 2627; x_wconf 79' lang='lat' dir='ltr'>²²⁵passionibuS,</span> <span class='ocrx_word' id='word_1_201' title='bbox 612 2574 720 2626; x_wconf 86' lang='lat' dir='ltr'>per</span> <span class='ocrx_word' id='word_1_202' title='bbox 776 2558 984 2612; x_wconf 86' lang='lat' dir='ltr'>omnia</span> <span class='ocrx_word' id='word_1_203' title='bbox 1041 2559 1344 2628; x_wconf 86' lang='lat' dir='ltr'>gaudete,</span> <span class='ocrx_word' id='word_1_204' title='bbox 1404 2560 1472 2611; x_wconf 94' lang='lat' dir='ltr'>ut</span> <span class='ocrx_word' id='word_1_205' title='bbox 1530 2559 1590 2611; x_wconf 94' lang='lat' dir='ltr'>et</span> <span class='ocrx_word' id='word_1_206' title='bbox 1644 2559 1709 2610; x_wconf 92' lang='lat' dir='ltr'>in</span> <span class='ocrx_word' id='word_1_207' title='bbox 1747 2558 1997 2611; x_wconf 89' lang='lat' dir='ltr'>reuela-</span> 
     </span>
     <span class='ocr_line' id='line_1_27' title="bbox 105 2643 1995 2714; baseline -0.001 -17"><span class='ocrx_word' id='word_1_208' title='bbox 105 2643 283 2698; x_wconf 88' lang='lat' dir='ltr'>tione</span> <span class='ocrx_word' id='word_1_209' title='bbox 320 2643 505 2697; x_wconf 85' lang='lat' dir='ltr'>facta</span> <span class='ocrx_word' id='word_1_210' title='bbox 542 2645 882 2698; x_wconf 88' lang='lat' dir='ltr'>claritatis</span> <span class='ocrx_word' id='word_1_211' title='bbox 935 2645 1076 2698; x_wconf 88' lang='lat' dir='ltr'>eius</span> <span class='ocrx_word' id='word_1_212' title='bbox 1133 2645 1491 2714; x_wconf 81' lang='lat' dir='ltr'>gaudentes</span> <span class='ocrx_word' id='word_1_213' title='bbox 1548 2645 1881 2697; x_wconf 83' lang='lat' dir='ltr'>exultetis.</span> <span class='ocrx_word' id='word_1_214' title='bbox 1940 2653 1995 2704; x_wconf 71' lang='lat' dir='ltr'>si</span> 
     </span>
     <span class='ocr_line' id='line_1_28' title="bbox 106 2729 1995 2798; baseline 0.001 -16"><span class='ocrx_word' id='word_1_215' title='bbox 106 2729 570 2798; x_wconf 85' lang='lat' dir='ltr'>inproperatur</span> <span class='ocrx_word' id='word_1_216' title='bbox 607 2730 792 2784; x_wconf 88' lang='lat' dir='ltr'>uobis</span> <span class='ocrx_word' id='word_1_217' title='bbox 830 2731 893 2783; x_wconf 92' lang='lat' dir='ltr'>in</span> <span class='ocrx_word' id='word_1_218' title='bbox 946 2731 1200 2785; x_wconf 91' lang='lat' dir='ltr'>nomine</span> <span class='ocrx_word' id='word_1_219' title='bbox 1238 2730 1511 2797; x_wconf 83' lang='lat' dir='ltr'>Christi,</span> <span class='ocrx_word' id='word_1_220' title='bbox 1566 2731 1750 2785; x_wconf 90' lang='lat' dir='ltr'>beati</span> <span class='ocrx_word' id='word_1_221' title='bbox 1802 2731 1995 2793; x_wconf 79' lang='lat' dir='ltr'>estiS,</span> 
     </span>
    </p>
   </div>
   <div class='ocr_carea' id='block_1_5' title="bbox 271 2915 1995 2973">
    <p class='ocr_par' dir='ltr' id='par_1_6' title="bbox 271 2915 1995 2973">
     <span class='ocr_line' id='line_1_29' title="bbox 271 2915 1995 2973; baseline -0.001 -12"><span class='ocrx_word' id='word_1_222' title='bbox 271 2918 298 2961; x_wconf 81' lang='lat'>9</span> <span class='ocrx_word' id='word_1_223' title='bbox 323 2915 450 2960; x_wconf 86' lang='lat' dir='ltr'>Deut.</span> <span class='ocrx_word' id='word_1_224' title='bbox 475 2917 541 2970; x_wconf 88' lang='lat'>13,</span> <span class='ocrx_word' id='word_1_225' title='bbox 564 2917 603 2961; x_wconf 88' lang='lat'>3.</span> <span class='ocrx_word' id='word_1_226' title='bbox 687 2918 741 2961; x_wconf 97' lang='grc'>12</span> <span class='ocrx_word' id='word_1_227' title='bbox 761 2917 926 2971; x_wconf 60' lang='grc'>51027,</span> <span class='ocrx_word' id='word_1_228' title='bbox 951 2919 990 2962; x_wconf 85' lang='grc'>5.</span> <span class='ocrx_word' id='word_1_229' title='bbox 1075 2918 1130 2962; x_wconf 83' lang='grc'>14</span> <span class='ocrx_word' id='word_1_230' title='bbox 1150 2918 1274 2962; x_wconf 85' lang='lat' dir='ltr'>Rom.</span> <span class='ocrx_word' id='word_1_231' title='bbox 1288 2918 1329 2971; x_wconf 86' lang='lat'>5,</span> <span class='ocrx_word' id='word_1_232' title='bbox 1351 2919 1378 2962; x_wconf 83' lang='lat'><strong>2</strong></span> <span class='ocrx_word' id='word_1_233' title='bbox 1396 2931 1459 2973; x_wconf 88' lang='lat' dir='ltr'>sq.</span> <span class='ocrx_word' id='word_1_234' title='bbox 1558 2918 1613 2961; x_wconf 83' lang='lat'>21</span> <span class='ocrx_word' id='word_1_235' title='bbox 1637 2917 1659 2961; x_wconf 92' lang='grc' dir='ltr'>Ι</span> <span class='ocrx_word' id='word_1_236' title='bbox 1680 2917 1775 2961; x_wconf 89' lang='lat' dir='ltr'>Pet.</span> <span class='ocrx_word' id='word_1_237' title='bbox 1794 2918 1833 2969; x_wconf 88' lang='lat'>4,</span> <span class='ocrx_word' id='word_1_238' title='bbox 1854 2917 1908 2961; x_wconf 83' lang='lat'>12</span> <span class='ocrx_word' id='word_1_239' title='bbox 1926 2930 1995 2972; x_wconf 73' lang='lat' dir='ltr'>sq.</span> 
     </span>
    </p>
   </div>
   <div class='ocr_carea' id='block_1_6' title="bbox 42 3057 1995 3686">
    <p class='ocr_par' dir='ltr' id='par_1_7' title="bbox 101 3057 1995 3467">
     <span class='ocr_line' id='line_1_30' title="bbox 195 3057 1991 3117; baseline 0.002 -17"><span class='ocrx_word' id='word_1_240' title='bbox 195 3057 220 3100; x_wconf 93' lang='lat'>1</span> <span class='ocrx_word' id='word_1_241' title='bbox 253 3061 298 3102; x_wconf 87' lang='lat' dir='ltr'>ct</span> <span class='ocrx_word' id='word_1_242' title='bbox 322 3059 448 3115; x_wconf 75' lang='lat' dir='ltr'>(ante</span> <span class='ocrx_word' id='word_1_243' title='bbox 464 3061 614 3117; x_wconf 80' lang='lat' dir='ltr'>aaron)</span> <span class='ocrx_word' id='word_1_244' title='bbox 631 3073 712 3104; x_wconf 85' lang='lat' dir='ltr'>om.</span> <span class='ocrx_word' id='word_1_245' title='bbox 733 3060 771 3105; x_wconf 98' lang='lat' dir='ltr'><strong><em>S</em></strong></span> <span class='ocrx_word' id='word_1_246' title='bbox 855 3075 903 3105; x_wconf 93' lang='lat' dir='ltr'>or</span> <span class='ocrx_word' id='word_1_247' title='bbox 926 3062 976 3115; x_wconf 89' lang='lat' dir='ltr'>V,</span> <span class='ocrx_word' id='word_1_248' title='bbox 999 3075 1069 3106; x_wconf 76' lang='lat' dir='ltr'>or*</span> <span class='ocrx_word' id='word_1_249' title='bbox 1090 3063 1135 3105; x_wconf 84' lang='lat' dir='ltr'>et</span> <span class='ocrx_word' id='word_1_250' title='bbox 1153 3062 1191 3106; x_wconf 92' lang='lat' dir='ltr'><strong><em>S</em></strong></span> <span class='ocrx_word' id='word_1_251' title='bbox 1304 3061 1621 3105; x_wconf 88' lang='lat' dir='ltr'>sustentabant</span> <span class='ocrx_word' id='word_1_252' title='bbox 1636 3075 1662 3106; x_wconf 84' lang='lat' dir='ltr'><em>v</em></span> <span class='ocrx_word' id='word_1_253' title='bbox 1750 3063 1991 3104; x_wconf 87' lang='lat' dir='ltr'>retrorsum</span> 
     </span>
     <span class='ocr_line' id='line_1_31' title="bbox 108 3129 1995 3191; baseline 0.002 -20"><span class='ocrx_word' id='word_1_254' title='bbox 108 3129 311 3183; x_wconf 84' lang='lat' dir='ltr'>portabat</span> <span class='ocrx_word' id='word_1_255' title='bbox 327 3131 432 3186; x_wconf 75' lang='lat' dir='ltr'>(pro</span> <span class='ocrx_word' id='word_1_256' title='bbox 448 3132 494 3175; x_wconf 89' lang='lat' dir='ltr'>et</span> <span class='ocrx_word' id='word_1_257' title='bbox 510 3145 562 3175; x_wconf 92' lang='lat' dir='ltr'>ur</span> <span class='ocrx_word' id='word_1_258' title='bbox 579 3134 706 3188; x_wconf 90' lang='lat' dir='ltr'>sust.)</span> <span class='ocrx_word' id='word_1_259' title='bbox 731 3134 795 3178; x_wconf 92' lang='lat' dir='ltr'><em>W</em></span> <span class='ocrx_word' id='word_1_260' title='bbox 895 3134 923 3177; x_wconf 94' lang='grc'>2</span> <span class='ocrx_word' id='word_1_261' title='bbox 953 3135 998 3177; x_wconf 91' lang='lat' dir='ltr'>et</span> <span class='ocrx_word' id='word_1_262' title='bbox 1019 3134 1146 3190; x_wconf 76' lang='lat' dir='ltr'>(ante</span> <span class='ocrx_word' id='word_1_263' title='bbox 1167 3134 1331 3191; x_wconf 84' lang='lat' dir='ltr'>factae)</span> <span class='ocrx_word' id='word_1_264' title='bbox 1347 3147 1427 3178; x_wconf 76' lang='lat' dir='ltr'>om..</span> <span class='ocrx_word' id='word_1_265' title='bbox 1446 3135 1510 3180; x_wconf 92' lang='lat' dir='ltr'><em>W</em></span> <span class='ocrx_word' id='word_1_266' title='bbox 1609 3132 1794 3177; x_wconf 90' lang='lat' dir='ltr'>stabiles</span> <span class='ocrx_word' id='word_1_267' title='bbox 1807 3165 1817 3176; x_wconf 86' lang='lat'><strong>.</strong></span> <span class='ocrx_word' id='word_1_268' title='bbox 1834 3165 1844 3175; x_wconf 91' lang='lat'><strong>.</strong></span> <span class='ocrx_word' id='word_1_269' title='bbox 1863 3165 1873 3176; x_wconf 91' lang='lat'><strong>.</strong></span> <span class='ocrx_word' id='word_1_270' title='bbox 1885 3132 1995 3175; x_wconf 85' lang='lat' dir='ltr'>solis</span> 
     </span>
     <span class='ocr_line' id='line_1_32' title="bbox 107 3200 1989 3262; baseline 0.001 -19"><span class='ocrx_word' id='word_1_271' title='bbox 107 3211 190 3244; x_wconf 81' lang='lat' dir='ltr'>om.</span> <span class='ocrx_word' id='word_1_272' title='bbox 207 3200 253 3245; x_wconf 82' lang='lat' dir='ltr'><strong><em>R</em></strong></span> <span class='ocrx_word' id='word_1_273' title='bbox 339 3202 366 3244; x_wconf 86' lang='lat'><strong>3</strong></span> <span class='ocrx_word' id='word_1_274' title='bbox 396 3202 459 3258; x_wconf 90' lang='lat' dir='ltr'>in]</span> <span class='ocrx_word' id='word_1_275' title='bbox 483 3202 538 3246; x_wconf 86' lang='lat' dir='ltr'>ad</span> <span class='ocrx_word' id='word_1_276' title='bbox 560 3202 598 3247; x_wconf 92' lang='lat' dir='ltr'><strong><em>S</em></strong></span> <span class='ocrx_word' id='word_1_277' title='bbox 681 3203 831 3247; x_wconf 90' lang='lat' dir='ltr'>hiesus</span> <span class='ocrx_word' id='word_1_278' title='bbox 848 3205 920 3258; x_wconf 90' lang='lat' dir='ltr'>W,</span> <span class='ocrx_word' id='word_1_279' title='bbox 944 3218 1114 3261; x_wconf 88' lang='lat' dir='ltr'>moyses</span> <span class='ocrx_word' id='word_1_280' title='bbox 1137 3205 1174 3249; x_wconf 91' lang='lat' dir='ltr'><strong><em>S</em></strong></span> <span class='ocrx_word' id='word_1_281' title='bbox 1257 3205 1287 3248; x_wconf 92' lang='lat'>4</span> <span class='ocrx_word' id='word_1_282' title='bbox 1317 3205 1426 3262; x_wconf 89' lang='lat' dir='ltr'>eius]</span> <span class='ocrx_word' id='word_1_283' title='bbox 1450 3205 1556 3249; x_wconf 80' lang='lat' dir='ltr'>add.</span> <span class='ocrx_word' id='word_1_284' title='bbox 1577 3206 1641 3250; x_wconf 88' lang='lat' dir='ltr'>V.-</span> <span class='ocrx_word' id='word_1_285' title='bbox 1665 3205 1713 3248; x_wconf 91' lang='lat' dir='ltr'>in</span> <span class='ocrx_word' id='word_1_286' title='bbox 1729 3217 1801 3248; x_wconf 88' lang='lat' dir='ltr'>ore</span> <span class='ocrx_word' id='word_1_287' title='bbox 1823 3203 1989 3259; x_wconf 83' lang='lat' dir='ltr'>gladii;</span> 
     </span>
     <span class='ocr_line' id='line_1_33' title="bbox 108 3270 1906 3330; baseline 0.003 -17"><span class='ocrx_word' id='word_1_288' title='bbox 108 3270 167 3324; x_wconf 77' lang='lat' dir='ltr'>cf.</span> <span class='ocrx_word' id='word_1_289' title='bbox 179 3270 323 3315; x_wconf 89' lang='lat' dir='ltr'>LXX</span> <span class='ocrx_word' id='word_1_290' title='bbox 407 3273 434 3316; x_wconf 85' lang='lat'>5</span> <span class='ocrx_word' id='word_1_291' title='bbox 457 3274 709 3320; x_wconf 87' lang='lat' dir='ltr'>memoriale</span> <span class='ocrx_word' id='word_1_292' title='bbox 728 3275 775 3327; x_wconf 90' lang='lat' dir='ltr'>S,</span> <span class='ocrx_word' id='word_1_293' title='bbox 793 3277 1028 3320; x_wconf 88' lang='lat' dir='ltr'>memoriae</span> <span class='ocrx_word' id='word_1_294' title='bbox 1043 3276 1149 3322; x_wconf 85' lang='lat' dir='ltr'>WR</span> <span class='ocrx_word' id='word_1_295' title='bbox 1158 3277 1207 3329; x_wconf 93' lang='lat' dir='ltr'>V,</span> <span class='ocrx_word' id='word_1_296' title='bbox 1231 3277 1444 3320; x_wconf 87' lang='lat' dir='ltr'>memoria</span> <span class='ocrx_word' id='word_1_297' title='bbox 1465 3291 1492 3321; x_wconf 80' lang='grc' dir='ltr'><strong><em>υ</em></strong></span> <span class='ocrx_word' id='word_1_298' title='bbox 1579 3278 1606 3320; x_wconf 89' lang='grc'>6</span> <span class='ocrx_word' id='word_1_299' title='bbox 1628 3276 1746 3320; x_wconf 88' lang='lat' dir='ltr'>iesus</span> <span class='ocrx_word' id='word_1_300' title='bbox 1763 3287 1849 3330; x_wconf 92' lang='lat' dir='ltr'>quo</span> <span class='ocrx_word' id='word_1_301' title='bbox 1869 3274 1906 3318; x_wconf 87' lang='lat' dir='ltr'><strong><em>S</em></strong></span> 
     </span>
     <span class='ocr_line' id='line_1_34' title="bbox 108 3340 1988 3404; baseline 0.002 -20"><span class='ocrx_word' id='word_1_302' title='bbox 108 3340 133 3383; x_wconf 81' lang='grc'>7</span> <span class='ocrx_word' id='word_1_303' title='bbox 163 3340 232 3399; x_wconf 86' lang='lat' dir='ltr'>dc]</span> <span class='ocrx_word' id='word_1_304' title='bbox 255 3343 331 3387; x_wconf 89' lang='lat' dir='ltr'>sed</span> <span class='ocrx_word' id='word_1_305' title='bbox 352 3344 420 3392; x_wconf 80' lang='lat' dir='ltr'>R.</span> <span class='ocrx_word' id='word_1_306' title='bbox 453 3343 501 3388; x_wconf 89' lang='lat' dir='ltr'>in</span> <span class='ocrx_word' id='word_1_307' title='bbox 522 3345 841 3401; x_wconf 88' lang='lat' dir='ltr'>sempiternum</span> <span class='ocrx_word' id='word_1_308' title='bbox 862 3347 916 3391; x_wconf 90' lang='lat' dir='ltr'>de</span> <span class='ocrx_word' id='word_1_309' title='bbox 944 3362 970 3392; x_wconf 84' lang='lat' dir='ltr'><strong><em>v</em></strong></span> <span class='ocrx_word' id='word_1_310' title='bbox 1104 3348 1131 3391; x_wconf 88' lang='grc'><strong>9</strong></span> <span class='ocrx_word' id='word_1_311' title='bbox 1161 3349 1331 3404; x_wconf 79' lang='lat' dir='ltr'>tempto</span> <span class='ocrx_word' id='word_1_312' title='bbox 1362 3348 1426 3393; x_wconf 89' lang='lat' dir='ltr'><strong><em>W</em></strong></span> <span class='ocrx_word' id='word_1_313' title='bbox 1554 3360 1633 3391; x_wconf 89' lang='lat' dir='ltr'>uos</span> <span class='ocrx_word' id='word_1_314' title='bbox 1655 3351 1765 3391; x_wconf 71' lang='lat' dir='ltr'>ante</span> <span class='ocrx_word' id='word_1_315' title='bbox 1785 3345 1988 3390; x_wconf 90' lang='lat' dir='ltr'>dominus</span> 
     </span>
     <span class='ocr_line' id='line_1_35' title="bbox 101 3413 1988 3467; baseline 0.001 -10"><span class='ocrx_word' id='word_1_316' title='bbox 101 3413 236 3467; x_wconf 74' lang='lat' dir='ltr'>ponit</span> <span class='ocrx_word' id='word_1_317' title='bbox 255 3428 281 3458; x_wconf 80' lang='lat' dir='ltr'><em>v</em></span> <span class='ocrx_word' id='word_1_318' title='bbox 370 3415 424 3458; x_wconf 91' lang='grc'>12</span> <span class='ocrx_word' id='word_1_319' title='bbox 455 3415 720 3460; x_wconf 90' lang='lat' dir='ltr'>solomonem</span> <span class='ocrx_word' id='word_1_320' title='bbox 742 3417 780 3461; x_wconf 88' lang='lat' dir='ltr'><strong><em>S</em></strong></span> <span class='ocrx_word' id='word_1_321' title='bbox 866 3419 920 3462; x_wconf 88' lang='lat'>13</span> <span class='ocrx_word' id='word_1_322' title='bbox 951 3419 1109 3462; x_wconf 88' lang='lat' dir='ltr'>furnax</span> <span class='ocrx_word' id='word_1_323' title='bbox 1132 3418 1170 3463; x_wconf 90' lang='lat' dir='ltr'><strong><em>S</em></strong></span> <span class='ocrx_word' id='word_1_324' title='bbox 1254 3418 1572 3462; x_wconf 87' lang='lat' dir='ltr'>tribulationes</span> <span class='ocrx_word' id='word_1_325' title='bbox 1594 3418 1650 3463; x_wconf 83' lang='lat' dir='ltr'><strong><em>S²</em></strong></span> <span class='ocrx_word' id='word_1_326' title='bbox 1765 3418 1820 3461; x_wconf 91' lang='lat'>14</span> <span class='ocrx_word' id='word_1_327' title='bbox 1847 3418 1988 3460; x_wconf 83' lang='lat' dir='ltr'>testa-</span> 
     </span>
    </p>

    <p class='ocr_par' dir='ltr' id='par_1_8' title="bbox 42 3482 1990 3686">
     <span class='ocr_line' id='line_1_36' title="bbox 42 3482 1901 3547; baseline 0.004 -22"><span class='ocrx_word' id='word_1_328' title='bbox 42 3544 43 3547; x_wconf 7' lang='lat'><em>*</em></span> <span class='ocrx_word' id='word_1_329' title='bbox 107 3482 182 3526; x_wconf 87' lang='lat' dir='ltr'>tur</span> <span class='ocrx_word' id='word_1_330' title='bbox 202 3484 267 3541; x_wconf 84' lang='lat' dir='ltr'>ac]</span> <span class='ocrx_word' id='word_1_331' title='bbox 289 3486 432 3530; x_wconf 81' lang='lat' dir='ltr'>testae</span> <span class='ocrx_word' id='word_1_332' title='bbox 453 3486 498 3531; x_wconf 90' lang='lat' dir='ltr'><strong><em>R</em></strong></span> <span class='ocrx_word' id='word_1_333' title='bbox 613 3488 667 3532; x_wconf 88' lang='grc'>16</span> <span class='ocrx_word' id='word_1_334' title='bbox 698 3490 909 3533; x_wconf 85' lang='lat' dir='ltr'>scrientes</span> <span class='ocrx_word' id='word_1_335' title='bbox 932 3491 995 3536; x_wconf 90' lang='lat' dir='ltr'><strong><em>W</em></strong></span> <span class='ocrx_word' id='word_1_336' title='bbox 1128 3490 1183 3534; x_wconf 89' lang='grc'>19</span> <span class='ocrx_word' id='word_1_337' title='bbox 1213 3490 1373 3534; x_wconf 87' lang='lat' dir='ltr'>diffusa</span> <span class='ocrx_word' id='word_1_338' title='bbox 1394 3503 1420 3534; x_wconf 85' lang='lat' dir='ltr'><em>v</em></span> <span class='ocrx_word' id='word_1_339' title='bbox 1534 3489 1582 3532; x_wconf 91' lang='lat' dir='ltr'>in</span> <span class='ocrx_word' id='word_1_340' title='bbox 1603 3488 1808 3533; x_wconf 89' lang='lat' dir='ltr'>cordibus</span> <span class='ocrx_word' id='word_1_341' title='bbox 1830 3488 1901 3533; x_wconf 79' lang='lat' dir='ltr'>Rv</span> 
     </span>
     <span class='ocr_line' id='line_1_37' title="bbox 108 3552 1990 3606; baseline 0.003 -8"><span class='ocrx_word' id='word_1_342' title='bbox 108 3552 170 3599; x_wconf 82' lang='lat'>20</span> <span class='ocrx_word' id='word_1_343' title='bbox 199 3557 401 3600; x_wconf 82' lang='lat' dir='ltr'>sanctum</span> <span class='ocrx_word' id='word_1_344' title='bbox 422 3570 503 3601; x_wconf 85' lang='lat' dir='ltr'>om.</span> <span class='ocrx_word' id='word_1_345' title='bbox 531 3559 596 3603; x_wconf 89' lang='lat' dir='ltr'><em>W</em></span> <span class='ocrx_word' id='word_1_346' title='bbox 706 3559 753 3603; x_wconf 89' lang='lat' dir='ltr'>in</span> <span class='ocrx_word' id='word_1_347' title='bbox 773 3561 899 3604; x_wconf 90' lang='lat' dir='ltr'>nobis</span> <span class='ocrx_word' id='word_1_348' title='bbox 920 3561 966 3606; x_wconf 88' lang='lat' dir='ltr'><em>R</em></span> <span class='ocrx_word' id='word_1_349' title='bbox 1081 3562 1137 3605; x_wconf 89' lang='grc'>22</span> <span class='ocrx_word' id='word_1_350' title='bbox 1168 3561 1446 3606; x_wconf 86' lang='lat' dir='ltr'>accedentem</span> <span class='ocrx_word' id='word_1_351' title='bbox 1470 3560 1523 3604; x_wconf 91' lang='lat' dir='ltr'><strong><em>S¹</em></strong></span> <span class='ocrx_word' id='word_1_352' title='bbox 1630 3561 1687 3604; x_wconf 81' lang='lat'>23</span> <span class='ocrx_word' id='word_1_353' title='bbox 1717 3559 1771 3603; x_wconf 90' lang='lat' dir='ltr'>fit</span> <span class='ocrx_word' id='word_1_354' title='bbox 1792 3573 1847 3604; x_wconf 78' lang='lat' dir='ltr'>eoe</span> <span class='ocrx_word' id='word_1_355' title='bbox 1869 3560 1929 3603; x_wconf 91' lang='lat' dir='ltr'>sit</span> <span class='ocrx_word' id='word_1_356' title='bbox 1952 3560 1990 3604; x_wconf 88' lang='lat' dir='ltr'><strong><em>S</em></strong></span> 
     </span>
     <span class='ocr_line' id='line_1_38' title="bbox 109 3628 694 3686; baseline 0.012 -18"><span class='ocrx_word' id='word_1_357' title='bbox 109 3637 165 3668; x_wconf 87' lang='lat' dir='ltr'>m.</span> <span class='ocrx_word' id='word_1_358' title='bbox 181 3628 211 3669; x_wconf 81' lang='lat'><em>2</em></span> <span class='ocrx_word' id='word_1_359' title='bbox 295 3641 456 3672; x_wconf 90' lang='lat' dir='ltr'>nouum</span> <span class='ocrx_word' id='word_1_360' title='bbox 478 3629 649 3686; x_wconf 90' lang='lat' dir='ltr'>aliquid</span> <span class='ocrx_word' id='word_1_361' title='bbox 669 3645 694 3675; x_wconf 83' lang='lat' dir='ltr'><em>v</em></span> 
     </span>
    </p>
   </div>
  </div>
 </body>
</html>
