2332 3978
258 1317 299 1361 0
324 1334 380 1354 =
404 1315 534 1360 codex
557 1313 950 1370 Sangermanensis
972 1312 1128 1369 (720),
1152 1326 1268 1356 nunc
1293 1312 1527 1355 Parisinus
1550 1312 1725 1364 12126,
1760 1325 1870 1356 saec.
1892 1311 1970 1355 IX.

248 1389 296 1433 L
325 1407 381 1426 --
402 1387 535 1431 codex
555 1385 966 1437 Laureshamensis,
998 1398 1113 1428 nunc
1134 1384 1486 1427 Vindobonensis
1507 1383 1626 1436 962,
1661 1397 1771 1427 saec.
1791 1383 1869 1427 IX.

248 1460 313 1504 M
329 1479 384 1498 Ξ
406 1459 537 1503 codex
557 1457 835 1501 Monacensis
857 1456 974 1509 208,
1006 1469 1119 1509 saec.
1142 1456 1319 1500 IX—X.

250 1533 298 1576 P
325 1550 380 1569 --
401 1530 532 1574 codex
552 1529 787 1573 Parisinus
810 1528 934 1574 1647
956 1528 1022 1581 A,
1056 1542 1167 1572 saec.
1190 1528 1243 1572 X.

249 1604 297 1649 B
327 1621 381 1640 z
404 1602 535 1645 codex
554 1601 898 1657 Bambergensis
919 1599 1039 1653 476,
1073 1614 1184 1644 saec.
1205 1601 1286 1644 ΧΙ.

257 1674 302 1718 V
325 1693 381 1712 :-
402 1673 534 1717 codex
554 1672 841 1725 Veronensis,
876 1685 987 1715 saec.
1011 1672 1128 1725 VH„
1160 1672 1212 1716 cf.
1232 1686 1272 1729 p.
1297 1673 1326 1718 2

249 1745 302 1789 F
327 1765 382 1783 =
412 1744 601 1788 Minucii
622 1744 788 1787 Felicis
810 1744 1045 1796 Octauius,
1068 1744 1132 1788 ed.
1156 1744 1293 1788 Halm
1314 1743 1599 1788 Vindobonae
1631 1742 1755 1789 1867

251 1831 278 1861 r
323 1836 378 1855 :z
400 1816 536 1860 editio
557 1817 762 1873 princeps
785 1817 948 1859 Romae
973 1816 1113 1861 1471.

253 1902 281 1933 v
325 1908 380 1927 =
402 1888 618 1931 editiones
641 1888 713 1930 uel
733 1901 881 1931 omnes
902 1887 976 1931 uel
998 1887 1185 1943 aliquot.

571 1989 778 2034 Codicum
798 2004 961 2046 genera
981 1990 1065 2033 duo
1088 2004 1182 2033 esse
1204 1990 1409 2047 adparet:
1442 1991 1660 2047 optimum
1681 2005 1837 2043 unum,
1861 1991 1908 2034 in
1930 2004 2014 2047 quo
2038 1991 2145 2034 sunt

395 2062 546 2105 LPM
553 2066 562 2089 ¹
581 2095 590 2113 ‚
616 2062 807 2104 alterum
836 2062 1177 2118 interpolatum,
1212 2063 1283 2106 cui
1306 2065 1410 2106 sunt
1432 2063 1711 2106 adscribendi
1742 2063 1913 2108 CBM2.
1935 2062 2007 2105 his
2030 2062 2147 2106 codi-

394 2132 517 2175 cibus
539 2134 605 2175 ita
634 2147 738 2176 usus
769 2148 885 2186 sum,
918 2136 973 2177 ut
1001 2148 1111 2190 quae
1141 2137 1390 2178 communia
1421 2135 1682 2187 exhibeant,
1718 2149 1768 2178 ea
1800 2148 1935 2190 quam
1955 2134 2147 2178 maxime

392 2205 586 2260 genuina
607 2205 835 2258 haberem,
867 2219 977 2261 quae
1014 2207 1309 2262 interpolatae
1355 2209 1501 2250 sectae
1538 2221 1651 2250 unus
1700 2206 1773 2249 uel
1809 2219 1958 2249 omnes
1995 2208 2148 2249 contra

394 2275 664 2331 reliquorum
700 2290 956 2320 consensum
977 2277 1220 2331 haberent,
1244 2278 1484 2321 maximam
1519 2280 1694 2335 partem
1730 2277 1962 2331 reicerem‚
2004 2291 2147 2334 pauca

396 2359 533 2402 eaque
554 2347 814 2392 dubitanter
828 2349 1075 2405 probarem.
