2332 3978
294 299 402 353 264
723 295 966 342 Caecilii
996 295 1267 354 Cypriani
1295 296 1358 342 de
1387 297 1568 354 lapsis
1600 310 1635 342 c.
1667 297 1735 343 36.

293 425 606 482 factionibus
631 426 882 491 mouerit,
909 427 954 480 si
980 426 1090 481 eius
1115 426 1250 481 iram
1265 468 1277 492 ,
1304 427 1350 480 si
1375 426 1748 497 indignationis
1774 428 2022 483 offensam
2046 430 2189 485 iusta

294 513 648 583 deprecatione
673 512 986 582 placauerit,
1027 514 1119 567 dat
1155 513 1247 567 ille
1285 515 1338 567 et
1375 529 1520 567 arma
1555 529 1763 568 rursum
1800 515 1987 583 quibus
2014 517 2188 571 uictus

293 600 540 664 armetur,
567 600 774 668 reparat
800 601 853 653 et
872 600 1178 654 conroborat
1202 600 1339 653 uires
1366 600 1554 668 quibus
1573 600 1701 654 fides
1719 601 2014 656 instaurata
2031 619 2189 674 uege-

292 687 448 739 tetur.
488 686 688 754 repetet
715 687 977 739 certamen
1003 702 1157 740 suum
1182 686 1359 751 mileS,
1415 686 1630 740 iterabit
1656 687 1848 753 aciem,
1887 689 2189 756 prouocabit

291 774 495 827 hostem
521 774 572 826 et
599 772 808 841 quidem
833 773 1002 827 factus
1029 773 1095 826 ad
1120 773 1377 841 proelium
1401 773 1583 827 fortior
1600 789 1692 843 per
1711 775 1955 829 dolorem.
1998 777 2087 844 qui
2113 777 2188 830 sic

290 860 398 912 Deo
425 860 759 925 satisfecerit,
788 861 877 928 qui
902 860 1222 929 paenitentia
1247 860 1372 912 facti
1398 861 1503 926 sui,
1531 861 1620 928 qui
1644 862 1838 930 pudore
1864 862 2042 916 delicti
2067 863 2186 931 plus

291 948 343 1000 et
370 947 584 1001 uirtutis
611 948 663 1000 et
687 946 809 1000 fidei
835 947 896 1000 de
922 947 1033 1015 ipso
1059 947 1235 1015 lapsus
1262 946 1343 1000 sui
1369 946 1541 1001 dolore
1568 949 1881 1015 conceperit,
1911 949 2184 1003 exauditus

291 1035 342 1086 et
369 1034 578 1087 adiutus
606 1051 635 1087 a
660 1033 907 1098 Domine,
949 1049 1105 1101 quam
1150 1034 1550 1088 contristauerat
1592 1051 1755 1103 nuper
1791 1035 1986 1090 laetam
2026 1036 2186 1090 faciet

290 1121 563 1175 ecclesiam
587 1122 679 1174 ne'c
703 1120 869 1173 solam
894 1120 1001 1173 iam
1027 1120 1125 1173 Dei
1149 1121 1356 1174 ueniam
1382 1121 1667 1174 merebitur
1692 1123 1781 1175 sed
1821 1139 2077 1177 coronam.

377 1293 402 1335 1
435 1292 717 1348 indignantis
744 1292 880 1337 WRv
996 1292 1024 1335 3
1054 1294 1242 1349 uegetur
1264 1293 1347 1339 W¹
1463 1295 1492 1338 4
1522 1293 1709 1338 iterauit
1731 1296 1796 1340 W
1923 1296 2186 1351 prouocauit

291 1364 437 1410 S¹W¹
526 1365 552 1407 6
583 1364 758 1408 domino
782 1364 826 1408 V
908 1364 1119 1420 pudorem
1141 1364 1196 1409 8¹
1285 1365 1439 1409 delicti
1460 1366 1567 1410 add.
1593 1366 1659 1411 W
1681 1381 1736 1410 ‘m-
1755 1369 1785 1410 2
1874 1366 1899 1410 7
1931 1369 1976 1411 et
1997 1367 2184 1411 uirtutis

291 1451 347 1481 eoe
367 1439 412 1481 et
436 1438 527 1480 utis
549 1437 588 1481 S
603 1451 658 1480 m.
677 1440 706 1480 2
809 1437 1042 1480 exauditus
1065 1451 1120 1481 θα)
1142 1439 1188 1481 et
1209 1438 1390 1481 auditus
1412 1439 1476 1483 W
1494 1452 1549 1481 m.
1567 1441 1616 1490 2,
1651 1438 1831 1482 auditus
1853 1438 1892 1483 S
1995 1440 2022 1483 8
2054 1453 2185 1495 quem

291 1509 347 1553 S¹
436 1510 462 1552 9
485 1509 575 1551 iam
598 1509 739 1552 solam
766 1508 903 1555 WRv
1013 1509 1089 1553 sed
1111 1511 1156 1553 et
1176 1510 1404 1554 Baluzius
1491 1524 1697 1554 coronam
1717 1525 1846 1555 amen
1866 1511 1911 1556 R
1999 1525 2185 1557 CAECILI

289 1594 516 1625 CYPRIANI
548 1595 608 1625 DE
639 1594 795 1625 LAPSIS
827 1594 1046 1626 EXPLICIT
1079 1581 1135 1638 S,
1177 1596 1238 1626 DE
1269 1595 1428 1626 LABSIS
1459 1596 1678 1627 EXPLICIT
1715 1583 1822 1629 WR

2227 801 2246 832 5
2321 799 2324 802 ,
