2332 3978
824 243 1090 301 Epistula
1130 245 1183 289 X.
1217 258 1252 289 c.
1287 245 1413 291 1-2,
1948 246 2053 302 491

179 407 257 446 003
282 390 407 444 facti
432 389 723 458 exemplum
750 388 961 441 uirtutis
987 388 1038 441 et
1063 387 1182 441 fidei
1208 388 1552 456 praebuerunt
1577 390 1833 458 congressi
1858 389 1912 443 in
1933 391 2056 456 acie,

91 474 98 484 ⁵
179 479 333 532 donec
359 477 492 530 acies
518 475 872 528 succumberet
903 475 1058 528 uicta.
2098 523 2102 527 .

249 561 445 627 Quibus
472 576 591 631 ergo
617 576 708 613 uos
733 561 973 614 laudibus
998 560 1304 627 praedicem,
1332 559 1607 613 fortissimi
1631 559 1853 614 fratres?
1902 561 2058 615 robur
2076 563 2107 614 2

175 648 392 719 pectoris
429 647 590 700 uestri
628 647 679 699 et
714 646 1147 714 perseuerantiam
1186 645 1306 699 fidei
1351 660 1450 713 quo
1487 646 1755 714 praeconio
1793 646 1933 700 uocis
1971 663 2057 700 ex-

66 784 67 787 ,
141 755 159 787 5
177 737 387 789 ornem?
422 732 681 785 tolerastis
707 748 867 799 usque
889 732 954 785 ad
980 731 1473 784 consummationem
1500 732 1694 801 gloriae
1720 732 2054 786 durissimam

176 819 541 888 quaestionem,
580 833 672 871 nec
709 817 933 870 cessistis
972 817 1256 885 suppliciis,
1297 818 1385 870 sed
1421 817 1568 870 uobis
1594 817 1765 884 potius
1801 818 2055 887 supplicia

176 905 447 960 cesserunt.
498 903 653 957 finem
690 903 951 956 doloribus
990 919 1142 971 quem
1179 903 1439 957 tormenta
1476 917 1577 955 non
1616 903 1809 956 dabant
1847 918 2056 957 coronae

174 991 434 1045 dederunt.
488 990 688 1043 laniena
714 990 919 1059 grauior
944 990 1009 1043 ad
1034 989 1130 1042 hoc
1167 990 1256 1042 diu
1290 989 1653 1057 perseuerauit,
1693 1003 1792 1042 non
1817 990 1877 1042 ut
1914 990 2056 1043 stan-

57 1133 72 1151 t,
171 1078 279 1131 tem
315 1076 472 1129 fidem
508 1076 754 1141 deiceret,
794 1076 882 1129 sed
919 1076 978 1129 ut
1014 1075 1245 1129 homines
1271 1076 1368 1129 Dei
1406 1076 1472 1129 ad
1508 1076 1790 1129 Dominum
1829 1076 2056 1129 uelocius

117 1187 158 1222 10
172 1163 417 1216 mitteret.
480 1162 618 1215 uidit
655 1162 917 1215 admirans
954 1162 1302 1229 praesentium
1339 1162 1624 1214 multitudo
1651 1162 1864 1215 caeleste
1891 1162 2055 1215 certa-

47 1239 52 1244 *
171 1265 291 1302 men
313 1248 412 1302 Dei
438 1250 490 1301 et
515 1248 774 1316 spiritale,
812 1247 1067 1316 proelium
1094 1246 1303 1312 Christi,
1343 1247 1547 1301 stetisse
1585 1263 1758 1301 seruos
1796 1247 1904 1300 eius
1929 1263 2054 1301 uoce

170 1335 348 1399 libera,
386 1335 555 1387 mente
592 1334 902 1402 incorrupta,
943 1333 1139 1386 uirtute
1177 1333 1380 1398 diuina,
1419 1332 1538 1386 telis
1577 1333 1784 1401 quidem
1823 1334 2053 1386 saecula-

169 1420 311 1473 ribus
341 1419 519 1484 11111103,
560 1419 649 1473 3011
685 1419 841 1472 armis
878 1418 999 1472 fidei
1037 1419 1300 1472 credentes
1340 1421 1581 1472 armatos.
1635 1419 1889 1472 steterunt
1925 1418 2051 1471 torti

38 1494 71 1577 ἶ
168 1506 523 1574 torquentibus
567 1505 801 1558 fortiores
838 1505 889 1558 et
913 1505 1176 1573 pulsantes
1201 1521 1259 1558 ac
1296 1505 1550 1559 laniantes
1588 1506 1810 1574 ungulas
1846 1505 2053 1572 pulsata

60 1579 74 1656 ’χ
115 1615 156 1649 15
171 1608 230 1646 ac
266 1592 462 1646 laniata
517 1592 749 1645 membra
804 1591 1055 1645 uicerunt.
1115 1587 1564 1661 inexpugnabilem
1614 1591 1769 1644 fidem
1820 1606 2055 1658 superare

169 1693 270 1731 non
306 1679 476 1747 potuit
514 1678 743 1731 saeuiens
782 1678 871 1731 diu
896 1679 1052 1748 plaga
1087 1678 1322 1745 repetita,
1365 1678 1603 1746 quamuis
1641 1678 1794 1745 rupta
1829 1692 2053 1746 conpage

169 1766 426 1819 uiscerum
463 1766 819 1833 torquerentur
855 1766 909 1818 in
948 1766 1107 1818 seruis
1133 1765 1229 1818 Dei
1267 1765 1375 1818 iam
1411 1780 1512 1818 non
1555 1766 1788 1819 membra
1826 1766 1913 1818 sed
1938 1766 2052 1819 uul-

169 1867 306 1905 nera.
364 1850 557 1905 fluebat
595 1852 803 1920 sanguis
841 1851 930 1919 qui
975 1851 1270 1904 incendium
1307 1851 1673 1919 persecutionis
1713 1851 2048 1920 extingueret,

169 1938 258 2005 qui
282 1937 518 1990 flammas
556 1938 608 1990 et
645 1938 789 2006 ignes
817 1937 1076 2007 gehennae
1114 1938 1333 2006 glorioso
1372 1952 1547 1991 cruore
1586 1938 1790 2004 sopiret.
1843 1952 1870 1989 o
1898 1937 2047 2005 quale

63 2030 66 2034 '
113 2043 156 2077 20
169 2022 301 2075 illud
339 2021 442 2076 fuit
479 2023 830 2090 spectaculum
858 2023 1083 2093 Domini,
1125 2040 1279 2091 quam
1316 2023 1555 2088 sublime,
1596 2040 1750 2091 quam
1787 2039 2048 2089 magnum,

169 2124 318 2176 quam
346 2109 444 2162 Dei
470 2109 630 2162 oculis
657 2111 972 2163 sacramento
999 2125 1056 2163 ac
1085 2110 1352 2163 deuotione
1389 2110 1576 2163 militis
1615 2110 1724 2163 eius
1763 2110 2049 2176 acceptum,

169 2195 304 2248 sicut
330 2195 581 2263 scriptum
607 2197 685 2248 031
721 2196 774 2248 111
798 2196 1016 2264 psalmis
1043 2196 1228 2264 spiritu
1267 2198 1439 2250 sancto
1477 2197 1716 2263 loquente
1742 2195 1806 2248 ad
1831 2210 1921 2247 nos
1958 2211 2050 2263 pa-

254 2380 281 2423 1
311 2380 414 2424 fidei
445 2382 489 2424 et
519 2379 704 2424 uirtutis
734 2381 790 2425 N
889 2381 953 2437 et]
986 2394 1036 2425 30
1070 2382 1143 2426 Ρυ
1250 2381 1388 2426 aciem
1425 2381 1544 2434 013¹,
1577 2381 1697 2424 aciae
1735 2380 1772 2436 Q
1887 2381 1917 2426 2
1951 2394 2048 2425 suc-

169 2452 435 2496 cumberetis
468 2452 513 2498 R
619 2452 743 2496 uicta
773 2465 855 2496 om.
890 2453 936 2498 R
1052 2453 1080 2497 3
1110 2453 1179 2497 for
1208 2454 1466 2510 praedicent
1495 2454 1540 2499 R
1647 2455 1675 2497 4
1706 2453 1807 2510 quo]
1841 2453 1918 2508 qui
1958 2452 1996 2497 G

171 2524 370 2568 exornati
401 2537 457 2568 eoe
488 2537 673 2569 exornae
712 2524 750 2570 Ο
853 2525 881 2568 5
910 2525 1117 2569 toleratis
1156 2526 1194 2570 C
1277 2527 1433 2583 usque]
1465 2528 1621 2582 utique
1653 2527 1697 2570 P
1812 2525 1839 2569 8
1868 2525 2049 2568 laniena

167 2595 257 2640 LR
288 2595 383 2652 (sed
414 2609 437 2640 e
467 2608 582 2640 corr.
615 2596 690 2653 L),
722 2595 929 2640 lanienda
966 2596 1014 2653 Q,
1061 2597 1296 2642 laniendea
1325 2598 1386 2651 N,
1432 2584 1650 2641 131ἶο11113
1687 2597 1734 2649 Ο,
1772 2596 1974 2652 quaestio
2005 2610 2044 2648 υ,

167 2679 247 2711 om.
282 2667 328 2711 P
429 2667 638 2724 grauiora
668 2668 758 2725 LQ
873 2670 1225 2724 perseuerauerit
1260 2670 1313 2715 C¹
1438 2670 1465 2714 9
1495 2669 1646 2725 fidem]
1679 2668 1813 2712 finem
1844 2669 1890 2713 R
1993 2670 2045 2711 ut

169 2751 251 2783 om.
285 2739 331 2782 P
446 2738 504 2782 ad
533 2738 663 2783 deum
701 2739 749 2795 Ο,
782 2753 808 2783 3
838 2727 942 2786 diff?
957 2742 1002 2786 L
1115 2742 1327 2786 uelociter
1358 2742 1414 2786 N
1414 2741 1451 2798 Q
1566 2740 1623 2785 10
1653 2739 1876 2784 admirata
1906 2740 1952 2783 P
2094 2738 2097 2739 ⁷

167 2809 221 2854 11
257 2809 344 2867 dei]
390 2812 613 2855 certamen
652 2812 723 2856 dei
762 2815 986 2858 certamen
1016 2815 1092 2859 Nv
1208 2816 1253 2857 et
1283 2827 1364 2858 om.
1397 2812 1530 2865 NRv,
1579 2812 1656 2869 qui
1694 2812 1731 2857 Ο
1845 2812 2046 2868 spiritali

167 2895 223 2926 em
243 2882 493 2938 spiritalem
517 2883 554 2928 G
565 2898 621 2928 m.
638 2887 668 2929 2
743 2885 911 2941 praelio
933 2899 989 2930 ex
1007 2885 1227 2942 praelium
1250 2885 1288 2930 G
1298 2899 1353 2929 m.
1371 2888 1415 2940 2,
1436 2884 1655 2940 premium
1671 2885 1725 2929 N
1798 2896 1923 2927 seruo
1940 2884 1997 2928 N

167 2953 224 2998 12
253 2953 380 3010 telis]
411 2954 527 2998 tales
558 2955 615 3008 P,
651 2955 761 3000 talis
801 2957 854 3002 0¹
970 2957 1025 3001 13
1054 2956 1173 3014 fidei]
1207 2956 1359 3000 fideles
1391 2957 1448 3001 N
1467 3015 1470 3019 ι
1541 2954 1760 2999 credentis
1790 2954 1989 3012 0¹LRQ

166 3025 329 3069 armati
366 3025 404 3071 Ο
514 3027 641 3084 torti]
671 3028 852 3073 fortiter
883 3030 928 3073 P
1042 3029 1098 3074 14
1126 3028 1412 3086 pulsantibus
1448 3028 1485 3073 G
1598 3041 1649 3071 30
1678 3026 1957 3071 laniantibus
1994 3026 2039 3078 Ο,

22 3122 39 3159 3¹
165 3109 245 3142 oon.
269 3097 316 3142 R
442 3098 624 3154 ungulis
655 3099 702 3143 P
830 3100 885 3144 15
915 3101 979 3157 30]
1012 3102 1057 3144 01
1094 3100 1131 3158 Q
1260 3114 1311 3144 30
1351 3100 1523 3143 13111313
1554 3112 1636 3143 om.
1659 3099 1706 3144 R
1821 3110 2043 3154 expugna-

163 3167 303 3214 bilem
334 3169 380 3214 P
465 3183 671 3226 superare
699 3173 804 3229 non]
838 3175 1051 3229 superant
1081 3173 1136 3218 N
1246 3173 1302 3217 16
1332 3171 1413 3216 diu
1442 3185 1482 3227 p.
1515 3170 1726 3227 repetita]
1758 3169 1836 3213 diu
1867 3169 2041 3226 placere

76 3246 79 3251 “
165 3240 311 3296 petita
331 3241 438 3294 LN,
468 3241 605 3299 dupla
634 3244 799 3300 repetit
818 3256 869 3287 ac
896 3244 934 3289 Ο
1015 3245 1196 3300 ruptam
1217 3245 1271 3289 N
1353 3244 1405 3287 17
1438 3244 1703 3298 torquentur
1725 3241 1771 3284 P
1857 3240 1912 3284 18
1942 3238 2039 3296 qui]

165 3311 237 3355 cui
266 3313 323 3357 N
401 3313 456 3357 19
486 3314 636 3369 ignem
670 3316 709 3358 0
788 3314 1001 3371 gloriosae
1031 3316 1077 3361 R
1117 3317 1161 3372 (a
1191 3317 1328 3373 era-3.)
1442 3315 1503 3361 20
1532 3314 1708 3358 domino
1739 3327 1777 3366 υ,
1812 3312 1866 3356 do
1904 3311 1984 3356 CR

167 3381 387 3428 sublimen
417 3384 474 3430 N
595 3385 651 3430 21
697 3387 849 3444 quam]
895 3387 1011 3444 quod
1042 3388 1088 3432 P
1216 3387 1266 3431 di
1296 3387 1343 3432 R
1371 3386 1449 3431 sed
1479 3386 1496 3428 i
1527 3398 1658 3438 corr„
1705 3384 1785 3428 deo
1816 3385 1870 3430 N
1991 3396 2042 3427 ac

165 3452 397 3500 deuotione
428 3469 511 3500 om.
542 3457 589 3501 P
681 3457 852 3503 milites
883 3459 978 3503 01113
1010 3461 1188 3516 accepto
1219 3459 1266 3503 P
1359 3458 1416 3502 22
1446 3458 1598 3501 3311010
1629 3468 1710 3501 om.
1744 3456 1791 3500 P
1877 3454 1932 3499 ad

169 3527 376 3570 monente
406 3539 489 3571 om.
522 3527 578 3574 N
