2332 3978
361 275 465 328 736
1013 271 1262 316 Caecilii
1300 271 1580 329 Cypriani

361 402 428 455 ad
463 402 676 471 Moysen
711 402 850 456 Deus
887 401 1118 469 loquitur
1139 403 1207 456 ‘et
1243 403 1422 456 monet
1458 401 1657 456 dicens:
1703 417 1728 455 3
1741 418 1772 456 a
1786 419 1890 457 cer
1904 403 1937 456 d
1950 404 2016 457 ot
2029 418 2091 457 es
2129 404 2247 472 qui
2295 396 2299 427 ³

356 488 678 541 accedunt
739 488 815 541 ad
877 488 924 541 D
943 488 1234 541 ominum
1289 487 1336 540 D
1353 503 1490 541 eum
1551 487 2098 554 sanctificentur,
2162 505 2242 543 ne

360 573 535 627 forte
573 574 991 642 derelinquat
1028 574 1184 627 illos
1221 574 1309 627 Do
1325 573 1555 627 minus,
1607 574 1659 627 et
1707 574 1925 628 iterum:
1981 576 2048 628 et
2101 591 2240 629 cum
2311 628 2315 640 ,Ἰ

356 675 385 712 a
402 660 675 713 ccedunt
734 660 898 713 mini
914 661 1126 714 strare
1182 659 1256 712 ad
1311 659 1524 713 altare
1580 660 1818 725 sancti,
1873 675 1993 714 non
2041 662 2239 715 addu-
2299 667 2318 719 ¹.

355 746 499 799 cent
543 747 607 799 in
653 762 716 799 se
763 746 1109 810 delictum,
1167 763 1240 799 ne
1287 746 1667 800 moriantur.
1719 746 1850 800 item
1899 747 1955 800 in
2001 747 2235 802 Leuitico
2253 765 2279 797 s
2315 743 2332 834 ’.ᾖ

354 833 605 901 praecipit
642 833 896 887 Dominus
935 835 987 887 et
1027 833 1177 886 dicit:
1229 833 1410 886 homo
1447 833 1510 886 in
1547 847 1668 901 quo
1724 833 1935 887 fuerit
1982 835 2242 889 macula

357 919 417 971 et
453 919 699 972 uitium
735 934 856 972 non
893 919 1166 972 accedet
1203 918 1455 972 offerre
1492 920 1653 973 dona
1681 919 1835 973 Dee.
2329 909 2332 927 ²

305 1006 334 1055 2
429 1004 570 1071 Quae
627 1021 744 1058 cum
792 1005 1055 1074 praedicta
1101 1006 1152 1057 et
1199 1005 1531 1059 manifestata
1580 1005 1686 1059 sint
1731 1006 1894 1070 1101113,
1952 1006 2241 1075 praeceptis
2328 1008 2332 1014 ’

351 1091 542 1144 diuinis
579 1107 782 1145 necesse
828 1093 907 1145 est
950 1091 1192 1159 obsequia
1229 1094 1403 1145 nostra
1441 1092 1747 1161 deseruiant,
1805 1109 1897 1146 nec
1933 1107 2148 1160 persona
2186 1094 2241 1146 in

351 1178 602 1231 eiusmodi
627 1167 780 1231 rebus
806 1178 969 1246 accipi
995 1179 1086 1231 aut
1112 1178 1312 1246 aliquid
1337 1178 1580 1246 cuiquam
1608 1179 1790 1248 largiri
1820 1181 1991 1247 potest
2008 1181 2237 1243 humana
2256 1197 2306 1230 ιο

354 1264 690 1333 indulgentia,
730 1264 821 1316 ubi
864 1264 1141 1317 intercedit
1179 1265 1230 1316 et
1268 1264 1437 1333 legem
1481 1264 1669 1317 tribuit
1706 1265 1884 1318 diuina
1919 1266 2237 1333 perscriptio·

358 1366 519 1417 neque
547 1350 684 1403 enim
710 1350 1016 1403 inmemores
1043 1366 1151 1403 esse
1177 1350 1423 1404 debemus
1451 1351 1575 1419 quid
1602 1352 1666 1404 ad
1686 1351 1901 1405 Iudaeos
1920 1368 2011 1420 per
2030 1352 2239 1406 Esaiam

356 1435 660 1504 prophetam
710 1437 914 1490 locutus
960 1438 1028 1490 sit
1073 1437 1327 1490 Dominus
1372 1438 1639 1505 increpans
1686 1439 1737 1491 et
1781 1438 2056 1508 indignans
2102 1437 2238 1505 quod

355 1524 663 1591 contemptis
705 1524 992 1590 praeceptis
1038 1523 1233 1577 diuinis
1279 1524 1533 1577 humanas
1579 1524 1835 1577 doctrinas
1887 1526 2236 1592 sequerentur.

352 1609 629 1676 populus
686 1611 840 1678 iste,
899 1610 1086 1678 inquit,
1145 1610 1354 1663 labiis
1412 1611 1547 1663 suis
1608 1610 2057 1664 honorificant
2119 1627 2227 1675 me,
2251 1626 2326 1657 1⁵-

359 1711 466 1749 cor
521 1711 673 1748 uero
731 1712 945 1749 eorum
1004 1698 1196 1766 longe
1251 1698 1623 1765 separatum
1681 1699 1779 1750 est
1836 1714 1866 1750 a
1920 1712 2031 1750 me.
2090 1690 2233 1751 sine

350 1797 540 1835 causa
579 1783 799 1835 autem
840 1783 1059 1835 colunt
1097 1800 1190 1836 me
1227 1784 1532 1836 mandata
1569 1784 1631 1836 et
1669 1783 2010 1837 doctrinas
2035 1783 2236 1836 homi-

349 1885 494 1922 num
534 1870 606 1922 do
623 1870 858 1922 centes.
912 1870 1048 1936 quod
1086 1869 1214 1922 item
1252 1869 1505 1922 Dominus
1543 1869 1597 1922 in
1635 1869 1904 1938 euangelio
1943 1870 2131 1936 repetit
2181 1870 2233 1923 et

355 1956 506 2007 dicit:
547 1955 814 2008 reicitis
841 1956 1222 2008 mandatum
1246 1955 1362 2008 Dei
1389 1955 1458 2007 ut
1483 1955 1911 2008 traditionem
1939 1956 2231 2009 uestram

350 2058 372 2094 s
388 2042 531 2094 tatu
543 2042 686 2094 atis
729 2058 857 2109 quae
896 2043 1014 2094 ante
1052 2043 1224 2094 oculos
1262 2042 1507 2094 habentes
1547 2043 1596 2095 et
1635 2042 1856 2103 sollicite
1894 2056 1951 2093 ac
1976 2040 2215 2109 religiose
2239 2054 2287 2088 20

354 2129 732 2181 considerantes
758 2128 813 2180 in
839 2128 1250 2180 ordinationibus
1279 2129 1605 2181 sacerdotum
1630 2142 1730 2180 non
1756 2127 1857 2179 nisi
1884 2127 2229 2179 inmaculatos

349 2217 400 2267 et
427 2215 653 2284 integros
680 2214 942 2266 antistites
970 2214 1159 2283 eligere
1186 2214 1448 2278 debemus,
1479 2215 1567 2281 qui
1594 2215 1768 2266 sancte
1797 2214 1847 2266 et
1875 2213 2027 2281 digne
2064 2213 2225 2266 sacri-

351 2302 467 2355 ficia
492 2303 599 2354 Deo
637 2301 906 2355 offerentes
950 2301 1119 2354 audiri
1155 2301 1209 2353 in
1245 2301 1514 2369 praecibus
1541 2300 1739 2367 possint
1765 2315 1889 2367 quas
1916 2299 2114 2352 faciunt
2139 2313 2229 2365 pro

348 2389 514 2456 plebis
541 2387 823 2440 dominicae
848 2387 1224 2455 incolumitate,
1252 2403 1373 2440 cum
1399 2387 1648 2453 scriptum
1676 2386 1772 2438 sit:
1802 2387 1846 2438 D
1861 2402 1887 2438 e
1899 2403 1932 2438 11
1945 2401 1968 2438 3
2005 2402 2038 2452 p
2055 2402 2080 2438 e
2094 2401 2119 2437 0
2136 2401 2162 2437 0
2175 2401 2229 2437 a-

518 2590 541 2631 1
564 2589 641 2631 Ex.
667 2588 734 2640 19,
755 2587 822 2631 22.
934 2587 963 2633 3
986 2587 1062 2631 Ex.
1084 2588 1152 2640 30,
1176 2588 1246 2631 20.
1268 2588 1339 2633 21.
1447 2588 1473 2630 6
1494 2587 1598 2630 Leu.
1620 2587 1690 2639 21,
1714 2586 1781 2629 17.
1894 2586 1950 2630 15
1971 2585 2043 2631 Ε3.
2065 2585 2132 2637 29,
2159 2585 2230 2630 13.

348 2662 402 2705 19
423 2662 557 2704 Marc.
582 2662 619 2713 7,
642 2660 710 2703 13.
828 2660 884 2703 24
904 2660 965 2703 10.
989 2661 1028 2712 9,
1052 2660 1122 2703 31.

431 2835 454 2877 1
477 2847 627 2877 11103011
650 2835 705 2886 L,
738 2847 935 2889 moysem
957 2848 982 2878 υ
1242 2832 1269 2875 3
1291 2833 1336 2874 et
1367 2831 1530 2874 iterum
1556 2864 1564 2873 .
1585 2864 1593 2872 .
1613 2862 1624 2873 .
1648 2830 1674 2873 l.
1699 2833 1725 2873 5
1746 2830 1995 2873 moriantur
2025 2842 2107 2871 om.
2138 2827 2176 2872 C

343 2907 371 2950 4
395 2906 606 2948 accedant
628 2906 707 2957 L¹,
729 2905 936 2948 accedent
958 2904 1071 2947 L2P
1090 2904 1135 2948 R
1340 2903 1367 2948 6
1389 2895 1616 2959 praecepit
1645 2903 1681 2947 G
1882 2902 1906 2943 7
1929 2899 2108 2943 accedat
2135 2899 2172 2944 G

343 2979 370 3021 8
393 2978 631 3020 manifesta
652 2978 799 3034 LPQ,
824 2976 1037 3019 mandata
1063 2975 1194 3019 GRV
1304 2977 1410 3017 sunt
1440 2974 1476 3030 Q
1590 2973 1816 3029 praecepis
1843 2972 1880 3030 Q
1996 2973 2023 3016 9
2045 2984 2231 3028 persona

342 3050 522 3105 scripsi,
543 3062 779 3105 personam
809 3047 1051 3104 CLPQRv
1183 3046 1239 3090 10
1258 3045 1513 3091 huiusmodi
1541 3045 1623 3090 GR
1757 3044 1913 3101 accipi]
1938 3044 2159 3100 accipiant
2184 3045 2231 3095 O,

343 3121 538 3177 accipere
559 3134 584 3163 v
767 3121 844 3162 aut
865 3119 1030 3174 aliquit
1051 3118 1108 3169 R,
1140 3131 1173 3161 s.
1197 3119 1225 3161 Z.
1254 3121 1290 3161 O
1473 3118 1526 3160 11
1548 3116 1847 3173 indulgentia]
1869 3115 2109 3172 diligentia
2137 3116 2174 3160 G

343 3192 662 3248 perscriptione
688 3191 737 3248 Q,
759 3191 1047 3247 praescriptio
1077 3190 1252 3234 CL²Rv
1387 3190 1441 3233 12
1463 3188 1622 3244 neque]
1645 3201 1756 3243 quae
1783 3187 1821 3244 Q
1897 3216 1903 3224 ·
1947 3187 2109 3230 eseiam
2135 3186 2172 3244 Q

346 3266 401 3308 13
424 3265 485 3308 sit
507 3266 550 3308 L
571 3279 604 3308 s,
629 3266 655 3308 l.
678 3279 734 3307 m.
756 3267 799 3319 2,
823 3277 905 3307 om.
930 3264 987 3315 R,
1011 3264 1079 3305 est
1102 3262 1139 3305 (J
1296 3251 1353 3306 ds
1378 3262 1415 3307 Ο
1571 3261 1626 3304 14
1647 3260 1814 3304 diuinis
1834 3258 2081 3316 praeceptis
2107 3258 2172 3315 Qv

346 3337 400 3380 15
419 3337 568 3392 inquit
588 3336 675 3379 iste
693 3336 739 3380 R
938 3333 1233 3378 honorificant
1251 3335 1287 3378 Ο
1297 3339 1304 3362 ¹
1317 3333 1457 3378 LRV
1475 3332 1569 3388 (sed
1590 3331 1841 3376 sacrificant
1867 3331 1907 3375 V
1922 3336 2018 3374 test.
2045 3330 2228 3384 Omma),

346 3408 609 3451 honorificat
634 3408 734 3451 0²1³
745 3407 807 3464 Qv
978 3419 1049 3449 me
1070 3419 1152 3449 om.
1183 3406 1226 3449 V
1403 3406 1458 3449 16
1480 3405 1597 3460 uero]
1622 3407 1773 3447 autem
1796 3403 1878 3448 CR
2005 3413 2229 3473 “separa-

346 3482 444 3523 tum
466 3494 546 3523 om.
577 3479 614 3535 Q
813 3479 871 3522 20
891 3480 937 3522 et
957 3491 1039 3522 om.
1068 3477 1106 3535 Q
1300 3478 1356 3521 22
1378 3477 1609 3521 antestitis
1632 3477 1668 3521 C
1680 3481 1707 3510 ¹-
1899 3474 1955 3518 23
1975 3473 2062 3518 dno
2089 3472 2171 3517 GR

351 3551 408 3594 24
428 3551 676 3594 dominicae
696 3564 774 3606 pro
794 3550 939 3607 plebis
962 3550 1000 3594 C
1015 3549 1094 3594 sed
1115 3549 1155 3592 is
1176 3562 1233 3593 ex
1254 3562 1277 3592 e
1453 3548 1761 3592 incolomitate
1790 3545 1959 3603 GLPQ
