2332 3978
780 191 1046 248 Epistula
1072 190 1365 235 Lx.-in.
1434 161 1437 170 ³
1902 191 2008 244 695

139 323 575 393 deprecationibus
625 321 828 375 crebris,
879 321 1004 373 haec
1046 321 1167 373 sunt
1209 320 1347 372 enim
1388 319 1537 372 nobis
1580 335 1723 373 arma
1767 319 2010 373 caelestia

139 426 268 480 quae
291 401 438 462 'stare
464 408 516 461 et
540 422 864 476 perseuerare
898 405 1103 459 fortiter
1137 405 1348 458 faciunt.
1387 406 1513 458 haec
1539 406 1660 458 sunt
1685 404 2011 458 munimenta

53 524 55 526 v
138 495 395 564 spiritalia
421 495 472 547 et
496 494 603 546 tela
628 493 806 546 diuina
833 508 963 560 quae
987 491 1281 560 protegunt.
1319 505 1570 544 memores
1595 491 1759 544 nostri
1783 491 2008 544 inuicem

67 615 70 618 ψ
140 581 317 645 simuS,
356 579 623 633 concordes
659 579 823 646 adque
862 578 1144 642 unanimeS‚
1185 577 1465 643 utrubique
1504 591 1594 644 pro
1628 576 1777 630 nobis
1811 590 2011 644 semper

107 684 126 716 s
142 680 359 730 oremuS‚
398 679 658 732 pressuras
685 665 736 717 et
761 664 1026 734 angustias
1066 662 1249 716 mutua
1288 661 1504 715 caritate
1539 662 1845 726 releuemuS‚
1887 663 1941 715 et
1965 662 2010 715 si

137 751 250 820 quis
286 751 439 803 istinc
473 750 706 803 nostrum
739 750 879 817 prior
913 749 1118 802 diuinae
1146 747 1461 817 dignationis
1488 747 1752 801 celeritate
1776 763 2011 815 praeces-

135 838 274 901 serit,
310 837 599 905 perseueret
635 835 772 903 apud
796 836 1079 888 Dominum
1100 834 1278 888 nostra
1303 832 1527 898 dilectio,
1563 847 1655 900 pro
1682 833 1931 886 fratribus
1957 833 2013 886 et

136 922 392 978 sororibus
435 922 625 976 nostris
668 922 804 989 apud
847 921 1252 982 misericordiam
1290 920 1455 989 patris
1493 934 1592 972 non
1630 920 1792 973 cesset
1831 919 2011 972 oratio.

137 1010 256 1079 opto
278 1009 348 1074 te,
374 1008 532 1061 frater
558 1007 837 1072 carissime,
865 1022 1066 1074 semper
1089 1007 1217 1060 bene
1243 1006 1429 1060 ualere.

80 1324 122 1357 ,0
610 1248 1227 1342 EPISTVLA
1288 1248 1529 1341 LXI.

404 1419 742 1465 CYPRIANVS
779 1419 902 1465 CVM
934 1408 1218 1466 GOLLEGIS'
1249 1420 1426 1466 LVCIO
1456 1419 1679 1464 FRATRI
1710 1419 1751 1463 S.

0 1538 20 1561 ³
206 1563 275 1615 Et
299 1579 459 1632 nuper
484 1564 694 1631 quidem
719 1563 834 1630 tibi,
862 1564 1021 1617 frater
1057 1565 1336 1630 carissime,
1373 1564 1625 1633 gratulati
1661 1579 1854 1628 sumus,
1892 1568 2054 1618 cuml

0 1639 25 1716 {
134 1651 188 1702 te
213 1649 399 1703 honore
424 1650 686 1719 geminato
713 1650 767 1702 i‘n
793 1651 1035 1704 ecclesiae
1061 1666 1183 1704 suae
1203 1650 1649 1703 administratione
1670 1649 2010 1703 confessorem

0 1712 35 1809 ἴ
132 1737 327 1805 pariter
352 1736 404 1789 et
428 1737 746 1789 sacerdotem
779 1736 1049 1790 constituit
1075 1736 1252 1789 diuina
1278 1736 1522 1800 dignatio.
1562 1736 1652 1788 sed
1678 1737 1729 1788 et
1753 1751 1888 1789 nunc
1911 1752 2012 1789 non

0 1807 19 1898 Ξ
78 1845 120 1876 15
137 1823 310 1875 minus
336 1822 435 1875 tibi
461 1823 512 1874 et
538 1822 812 1875 comitibus
837 1822 942 1875 tuis
967 1821 1132 1890 adque
1171 1823 1439 1875 uniuersae
1477 1821 1796 1875 fraternitati
1831 1822 2010 1891 gratu-

0 1899 13 1981 ']
75 1978 79 1981 ι
133 1908 304 1962 lamur
343 1908 632 1977 quodcum
668 1909 845 1962 eadem
884 1908 1050 1977 gloria
1089 1910 1141 1961 et
1182 1908 1423 1961 laudibus
1458 1908 1645 1961 uestris
1684 1908 1894 1960 reduces
1919 1922 2011 1960 uos

7 1983 24 2048 {3}
132 1994 296 2047 denuo
341 1995 406 2047 ad
450 2009 567 2048 suos
611 1994 791 2048 fecerit
832 1995 1055 2064 benigna
1096 1995 1311 2048 Domini
1355 1997 1406 2048 et
1449 1995 1597 2064 larga
1638 1994 1905 2062 protecti0,
1952 1995 2012 2046 ut

17 2074 20 2082 ³
130 2071 379 2150 pascendo
418 2081 566 2149 gregi
605 2082 780 2147 pastor
806 2081 856 2134 et
882 2081 1239 2150 gubernandae
1277 2082 1398 2134 naui
1436 2081 1747 2150 gubernator
1781 2082 1833 2134 et
1871 2080 2011 2147 plebi

0 2183 17 2240 ,s
129 2166 380 2235 regendae
412 2167 578 2219 rector
601 2166 897 2219 redderetur
923 2168 975 2220 et
1000 2168 1265 2235 appareret
1289 2168 1656 2237 relegationem
1681 2168 1909 2220 uestram
1936 2167 2010 2219 sic

77 2251 388 2309 aodiuinitus
416 2267 522 2305 esse
560 2251 880 2320 dispositam,
916 2268 1015 2306 non
1049 2254 1109 2305 ut
1147 2253 1408 2320 episcopus
1446 2253 1705 2322 relegatus
1742 2253 1793 2306 et
1829 2252 2022 2319 pulsus,

137 2338 380 2392 ecclesiae
406 2338 619 2406 deesset,
648 2339 737 2391 sed
762 2339 822 2391 ut
847 2339 911 2391 ad
937 2339 1203 2392 ecclesiam
1229 2339 1393 2392 maior
1417 2338 1625 2401 rediret.

205 2424 381 2492 Neque
408 2424 545 2477 enim
570 2423 623 2476 in
649 2424 817 2477 tribus
842 2425 1019 2492 pueris
1046 2425 1212 2478 minor
1236 2423 1340 2477 fuit
1358 2424 1598 2492 martyrii
1620 2424 1860 2494 dignitaS,
1890 2424 2010 2492 quia
2027 2427 2058 2476 2

130 2511 295 2562 morte
333 2509 583 2563 frustrata
608 2510 670 2563 de
696 2511 894 2563 camino
920 2510 1056 2579 ignis
1083 2511 1363 2565 incolumes
1391 2512 1621 2564 exierunt
1648 2516 1736 2563 aut
1762 2525 1861 2563 non
1888 2524 2008 2564 con-

220 2679 245 2721 1
268 2680 372 2722 sunt
393 2692 474 2723 om.
504 2679 587 2724 GR
668 2704 683 2714 ο
821 2680 849 2723 2
868 2680 1142 2723 monimenta
1170 2681 1228 2725 Οἳ
1463 2681 1491 2724 3
1512 2680 1738 2737 spiritalia
1759 2694 1840 2724 om.
1871 2680 1952 2725 CR

134 2749 174 2793 si
194 2763 407 2794 memores
431 2751 471 2793 T
691 2750 721 2795 4
741 2750 896 2808 simus]
919 2765 1068 2795 sumus
1091 2752 1183 2796 ΕΤ
1400 2752 1608 2796 concorde
1631 2765 1686 2795 ecc
1707 2765 1778 2794 cor
1799 2750 1926 2794 corde
1949 2750 2008 2803 R,

134 2820 262 2865 corde
287 2822 329 2865 T
470 2822 732 2878 utrubrique
752 2823 810 2875 R,
831 2822 1009 2879 utrique
1031 2837 1087 2867 ex
1107 2825 1345 2879 utrumque
1371 2824 1408 2867 G
1560 2823 1588 2866 5
1609 2823 1854 2867 reuelemus
1878 2823 1942 2866 12¹

100 2952 102 2954 Ι
138 2892 166 2936 6
185 2892 290 2936 istic
318 2893 356 2938 c
496 2893 747 2938 caelu-itate
769 2894 815 2939 R
968 2894 992 2937 7
1015 2880 1111 2938 dffi‘
1114 2895 1158 2938 L
1310 2895 1338 2938 s
1359 2895 1519 2938 sororis
1548 2895 1602 2940 0¹
1757 2895 1783 2938 9
1804 2896 1907 2951 opto

134 2964 285 3008 ualere
319 2977 400 3009 om.
430 2965 512 3009 GL
737 2968 784 3010 te
815 2979 871 3010 θαι
901 2980 979 3010 uos
1001 2967 1056 3011 P.
1081 2991 1134 2999 -
1155 2966 1226 3010 Ad
1254 2966 1471 3023 (Explicit
1501 2966 1557 3010 ad
1577 2967 1639 3022 P)
1671 2966 1925 3011 Cornelium
1954 2964 2008 3008 de

139 3035 410 3079 confessione
440 3036 534 3080 eius
564 3036 747 3094 explicit
776 3039 878 3094 (om.
903 3039 966 3093 P)
988 3038 1089 3091 LP,
1121 3038 1191 3082 Ad
1213 3038 1465 3082 Cornelium
1484 3038 1508 3081 I
1529 3037 1600 3095 (de
1621 3038 1895 3082 confessione
1916 3037 2007 3092 epi-

133 3107 255 3151 stula
283 3107 429 3164 prima
455 3108 509 3165 Q)
540 3109 720 3166 explicit
745 3109 838 3167 TQ,
874 3110 943 3153 Ad
964 3110 1216 3154 Cornelium
1239 3110 1339 3154 ·III·
1371 3110 1553 3166 explicit
1573 3110 1629 3161 R,
1668 3109 1864 3165 Explicit
1894 3108 2007 3151 liber

135 3178 236 3222 ·111·
259 3177 396 3223 Cecili
416 3178 628 3236 Cypriani
649 3180 707 3224 ad
726 3181 979 3226 Cornelium
1007 3182 1053 3226 Ο.
1077 3207 1132 3214 -—

219 3250 360 3307 Epist.
383 3250 498 3295 LXI.
521 3276 575 3284 —
597 3251 767 3309 Incipit
788 3255 890 3309 (om.
919 3255 977 3309 T)
998 3253 1055 3297 ad
1073 3254 1262 3299 Lucium
1284 3253 1358 3310 (ad
1378 3253 1568 3297 Lucium
1600 3266 1681 3297 om.
1710 3253 1770 3308 L)
1793 3252 1845 3295 de
1875 3251 2006 3295 exilio

132 3334 357 3366 reuersum
376 3321 608 3380 FLPQT.
631 3348 688 3355 -—
709 3324 765 3367 13
785 3324 1222 3369 administrationem
1248 3325 1285 3383 Q
1500 3324 1556 3367 15
1576 3324 1856 3380 gratulemur
1877 3323 1944 3366 L²

135 3394 191 3437 16
211 3393 358 3437 eodem
378 3393 430 3437 F
610 3395 787 3440 reduces
808 3398 853 3440 et
880 3396 938 3439 Τι
1133 3397 1189 3441 19
1209 3396 1523 3452 religationem
1544 3396 1600 3449 P,
1623 3395 1885 3451 religionem
1913 3393 1950 3451 Q

133 3463 191 3507 20
210 3464 427 3521 religatus
448 3464 494 3508 P
665 3466 722 3510 22
742 3467 863 3523 quia]
887 3480 976 3523 qua
998 3467 1042 3513 L
