2332 3978
102 1183 143 1213 10

103 1613 142 1643 15

776 251 998 298 Testim.
1029 250 1116 295 III.
1149 249 1416 306 capitula.
1772 311 1781 320 .
1941 244 2045 297 107

375 387 536 442 CVII.
575 384 693 439 Non
718 380 1104 437 detrahendum.

351 472 539 527 CVIII.
578 470 697 523 Non
722 484 830 522 esse
852 466 1083 536 proximo
1108 462 1476 518 insidiandum.

321 557 538 613 CVIIII.
578 555 816 609 Infirmos
841 552 1139 607 uisitandos

429 642 531 697 CX.
574 641 880 695 Susurrones
905 637 1207 692 maledictos
1234 651 1358 689 esse.

402 729 533 783 CXI.
576 726 835 781 Sacrificia
860 725 1118 778 malorum
1143 720 1480 789 acceptabilia
1503 734 1603 773 non
1629 734 1752 772 esse.

367 814 527 870 CXII.
569 813 790 868 Grauius
825 810 1044 864 iudicari
1079 809 1142 862 de
1166 808 1248 860 his
1276 806 1365 875 qui
1390 806 1446 859 in
1471 805 1673 858 saeculo
1700 805 1819 873 plus
1845 804 2042 858 habue-

572 899 677 952 rint
701 897 989 967 potestatis.

345 987 532 1042 CXIII.
572 986 802 1039 Viduam
829 985 880 1037 et
905 981 1128 1052 pupillos
1154 979 1358 1050 protegi
1383 980 1627 1046 oportere.

318 1073 534 1128 CXIIII.
573 1073 714 1125 Dum
738 1071 793 1123 in
812 1085 960 1123 carne
985 1069 1063 1122 est
1083 1067 1213 1135 quiea,
1241 1064 1636 1134 exomologesim
1657 1063 1822 1117 facere
1843 1062 2042 1115 debere.

382 1159 533 1213 CXV.
574 1156 944 1211 Adulationem
968 1153 1305 1222 perniciosam
1330 1167 1455 1205 esse.

354 1245 534 1300 CXVI.
574 1244 702 1296 Plus
729 1243 792 1296 ab
821 1257 878 1294 eo
905 1241 1057 1309 diligi
1067 1240 1252 1304 Deum,
1282 1238 1364 1291 cui
1390 1238 1443 1290 in
1468 1236 1726 1304 baptismo
1751 1234 1900 1302 plura
1923 1248 2042 1301 pec-

575 1329 689 1382 cata
714 1327 1068 1381 dimittuntur.

321 1415 530 1470 CXVII.
568 1415 772 1468 Fortem
814 1412 1222 1482 congressionem
1259 1425 1367 1464 esse
1407 1410 1651 1463 aduersus
1690 1407 1953 1461 diabolum
1992 1407 2042 1459 et

570 1501 685 1553 ideo
710 1499 916 1553 fortiter
939 1515 1031 1552 nos
1058 1499 1196 1551 stare
1222 1497 1427 1561 debere,
1456 1498 1516 1549 ut
1541 1494 1798 1562 possimus
1823 1493 2042 1547 uincere.

293 1587 529 1643 CXVIII.
567 1587 645 1640 De
671 1585 972 1640 antichristo
1000 1584 1172 1652 quod
1159 1600 1213 1637 1n
1238 1583 1445 1635 homine
1470 1581 1662 1635 ueniat.

277 1674 535 1731 CXVIIII.
579 1672 748 1726 Graue
773 1671 933 1725 fuisse
970 1671 1154 1740 iugum
1190 1670 1323 1738 legis
1362 1669 1497 1736 quod
1535 1684 1564 1720 a
1600 1667 1747 1721 nobis
1787 1666 2043 1720 abiectum

574 1759 651 1812 est
688 1759 739 1811 et
772 1758 885 1810 leue
924 1772 1032 1810 esse
1057 1757 1240 1825 iugum
1274 1755 1484 1809 Domini
1520 1754 1654 1822 quod
1690 1770 1720 1807 a
1753 1753 1898 1807 nobis
1933 1768 2048 1805 sus-

580 1844 787 1913 ceptum
814 1845 909 1898 est.

383 1929 535 1984 CXX.
577 1929 908 1984 Orationibus
934 1929 1292 1983 insistendum.

247 2089 272 2131 1
303 2087 622 2137 detrahendam
640 2087 687 2132 A
774 2088 802 2131 2
832 2087 1180 2131 infidiandumA
1267 2088 1296 2130 4
1326 2099 1583 2130 susurrones
1606 2087 1651 2129 et
1671 2085 1896 2141 bilingues
1913 2084 1955 2126 A

161 2160 188 2203 5
218 2160 510 2216 acceptauilia
531 2160 608 2203 deo
629 2160 676 2204 A
792 2161 819 2204 6
850 2159 1048 2203 iudicare
1069 2160 1130 2202 M
1231 2159 1511 2202 dehisaeculo
1533 2160 1578 2202 A
1696 2158 1724 2201 8
1753 2156 1911 2200 uiduas
1932 2170 1958 2199 2·

159 2231 346 2287 pusillos
366 2232 412 2275 A
526 2232 751 2288 oporteret
778 2232 843 2276 W
954 2232 980 2275 9
1012 2245 1110 2275 cum
1131 2231 1177 2274 B
1281 2231 1364 2287 est]
1389 2232 1506 2274 esset
1528 2230 1572 2273 B
1688 2226 2041 2282 exhomologesin

161 2303 275 2355 LM,
299 2303 621 2360 exolomogesin
646 2304 691 2346 A
807 2303 864 2346 10
900 2303 1195 2347 adolationem
1222 2303 1311 2346 AL
1429 2303 1483 2346 11
1505 2302 1560 2346 ab
1583 2302 1646 2357 co]
1671 2314 1696 2344 a
1719 2300 1772 2345 do
1795 2314 1850 2344 ex
1873 2299 1978 2341 adeo
2001 2299 2045 2340 A

159 2388 213 2418 m.
233 2376 266 2418 2
353 2375 408 2419 12
438 2374 726 2418 dimittantar
747 2375 810 2419 W
912 2375 966 2418 15
996 2375 1222 2418 anchristo
1244 2376 1289 2419 A
1375 2375 1601 2418 hominem
1620 2374 1753 2417 M1‘B
1840 2372 2044 2425 excerpta

151 2446 359 2502 capitula
378 2446 515 2489 Rome
536 2446 778 2502 expliciunt
799 2446 958 2503 incipit
986 2446 1100 2490 liber
1129 2447 1205 2489 III
1229 2448 1302 2499 W,
1321 2446 1488 2490 Caecili
1504 2446 1716 2502 Cypriani
1737 2447 1793 2490 ad
1810 2446 2045 2500 Quirinum

161 2520 362 2574 excerpta
390 2518 685 2574 capitulorum
713 2518 823 2561 libri
844 2518 1023 2562 secundi
1043 2518 1225 2574 explicit
1246 2518 1407 2574 incipit
1428 2519 1483 2562 ad
1494 2518 1729 2572 Quirinum
1744 2518 1859 2562 liber
1880 2519 2044 2561 tertius

171 2602 371 2706 oequmZ
383 2590 496 2643 «M,
535 2595 627 2646 exp.
666 2595 760 2646 cap.
797 2589 916 2646 incip
945 2590 1060 2633 liber
1083 2590 1159 2633 III
1181 2590 1249 2643 B,
1302 2590 1462 2646 incipit
1498 2590 1612 2633 liber
1646 2590 1809 2634 tertius
1846 2590 1900 2633 afl
1937 2590 2045 2644 Qui-

160 2675 307 2706 rmum
