<?xml version="1.0" encoding="UTF-8"?>
<!DOCTYPE html PUBLIC "-//W3C//DTD XHTML 1.0 Transitional//EN"
    "http://www.w3.org/TR/xhtml1/DTD/xhtml1-transitional.dtd">
<html xmlns="http://www.w3.org/1999/xhtml" xml:lang="en" lang="en">
 <head>
  <title>
</title>
<meta http-equiv="Content-Type" content="text/html;charset=utf-8" />
  <meta name='ocr-system' content='tesseract 3.04.00' />
  <meta name='ocr-capabilities' content='ocr_page ocr_carea ocr_par ocr_line ocrx_word'/>
</head>
<body>
  <div class='ocr_page' id='page_1' title='image "./sthascicaecilicy03cypruoft_0554.png"; bbox 0 0 2332 3978; ppageno 0'>
   <div class='ocr_carea' id='block_1_1' title="bbox 304 259 1539 335">
    <p class='ocr_par' dir='ltr' id='par_1_1' title="bbox 304 259 1539 335">
     <span class='ocr_line' id='line_1_1' title="bbox 304 259 1539 335; baseline -0.002 -10"><span class='ocrx_word' id='word_1_1' title='bbox 304 278 418 334; x_wconf 80' lang='lat'>540</span> <span class='ocrx_word' id='word_1_2' title='bbox 989 276 1232 324; x_wconf 74' lang='lat' dir='ltr'>caecini</span> <span class='ocrx_word' id='word_1_3' title='bbox 1262 259 1539 335; x_wconf 69' lang='lat' dir='ltr'>Cypriani</span> 
     </span>
    </p>
   </div>
   <div class='ocr_carea' id='block_1_2' title="bbox 2018 0 2332 1254">
    <p class='ocr_par' dir='ltr' id='par_1_2' title="bbox 2018 0 2332 1254">
     <span class='ocr_line' id='line_1_2' title="bbox 2018 0 2332 528; baseline 0 0"><span class='ocrx_word' id='word_1_4' title='bbox 2018 0 2332 528; x_wconf 95' lang='lat' dir='ltr'>  </span> 
     </span>
     <span class='ocr_line' id='line_1_3' title="bbox 2264 528 2332 1254; baseline 0 2724"><span class='ocrx_word' id='word_1_5' title='bbox 2264 528 2332 1254; x_wconf 95' lang='lat' dir='ltr'> </span> 
     </span>
    </p>
   </div>
   <div class='ocr_carea' id='block_1_3' title="bbox 304 422 2305 994">
    <p class='ocr_par' dir='ltr' id='par_1_3' title="bbox 304 422 2305 994">
     <span class='ocr_line' id='line_1_4' title="bbox 307 422 2276 493; baseline 0.003 -18"><span class='ocrx_word' id='word_1_6' title='bbox 307 422 412 475; x_wconf 94' lang='lat' dir='ltr'>rim</span> <span class='ocrx_word' id='word_1_7' title='bbox 438 423 497 476; x_wconf 88' lang='lat' dir='ltr'>ut</span> <span class='ocrx_word' id='word_1_8' title='bbox 517 422 736 488; x_wconf 73' lang='lat' dir='ltr'>sciretis,</span> <span class='ocrx_word' id='word_1_9' title='bbox 764 423 1035 492; x_wconf 87' lang='lat' dir='ltr'>utriusque</span> <span class='ocrx_word' id='word_1_10' title='bbox 1061 424 1314 493; x_wconf 75' lang='lat' dir='ltr'>epistulae</span> <span class='ocrx_word' id='word_1_11' title='bbox 1341 423 1635 492; x_wconf 84' lang='lat' dir='ltr'>exemplum</span> <span class='ocrx_word' id='word_1_12' title='bbox 1660 424 1855 479; x_wconf 90' lang='lat' dir='ltr'>litteris</span> <span class='ocrx_word' id='word_1_13' title='bbox 1879 425 2012 479; x_wconf 89' lang='lat' dir='ltr'>meis</span> <span class='ocrx_word' id='word_1_14' title='bbox 2037 425 2223 491; x_wconf 59' lang='lat' dir='ltr'>iunxi„</span> <span class='ocrx_word' id='word_1_15' title='bbox 2273 466 2276 473; x_wconf 79' lang='lat'>,</span> 
     </span>
     <span class='ocr_line' id='line_1_5' title="bbox 310 507 2279 582; baseline 0.005 -21"><span class='ocrx_word' id='word_1_16' title='bbox 310 507 448 575; x_wconf 90' lang='lat' dir='ltr'>quod</span> <span class='ocrx_word' id='word_1_17' title='bbox 483 509 656 563; x_wconf 89' lang='lat' dir='ltr'>totum</span> <span class='ocrx_word' id='word_1_18' title='bbox 682 509 800 578; x_wconf 89' lang='lat' dir='ltr'>peto</span> <span class='ocrx_word' id='word_1_19' title='bbox 826 509 1079 563; x_wconf 90' lang='lat' dir='ltr'>fratribus</span> <span class='ocrx_word' id='word_1_20' title='bbox 1105 511 1297 563; x_wconf 92' lang='lat' dir='ltr'>nostris</span> <span class='ocrx_word' id='word_1_21' title='bbox 1323 510 1530 579; x_wconf 86' lang='lat' dir='ltr'>legatis,</span> <span class='ocrx_word' id='word_1_22' title='bbox 1571 511 1633 564; x_wconf 91' lang='lat' dir='ltr'>ut</span> <span class='ocrx_word' id='word_1_23' title='bbox 1658 512 1829 580; x_wconf 87' lang='lat' dir='ltr'>magis</span> <span class='ocrx_word' id='word_1_24' title='bbox 1855 527 1913 566; x_wconf 90' lang='lat' dir='ltr'>ac</span> <span class='ocrx_word' id='word_1_25' title='bbox 1937 512 2109 582; x_wconf 90' lang='lat' dir='ltr'>magis</span> <span class='ocrx_word' id='word_1_26' title='bbox 2135 512 2202 566; x_wconf 86' lang='lat' dir='ltr'>ad</span> <span class='ocrx_word' id='word_1_27' title='bbox 2272 515 2279 526; x_wconf 80' lang='grc'><strong>”</strong></span> 
     </span>
     <span class='ocr_line' id='line_1_6' title="bbox 309 584 2292 664; baseline 0.003 -18"><span class='ocrx_word' id='word_1_28' title='bbox 309 584 619 662; x_wconf 85' lang='lat' dir='ltr'>patientiam</span> <span class='ocrx_word' id='word_1_29' title='bbox 645 596 994 663; x_wconf 77' lang='lat' dir='ltr'>conponantur</span> <span class='ocrx_word' id='word_1_30' title='bbox 1009 611 1102 649; x_wconf 88' lang='lat' dir='ltr'>nec</span> <span class='ocrx_word' id='word_1_31' title='bbox 1123 596 1311 650; x_wconf 88' lang='lat' dir='ltr'>delicto</span> <span class='ocrx_word' id='word_1_32' title='bbox 1330 596 1487 664; x_wconf 86' lang='lat' dir='ltr'>priori</span> <span class='ocrx_word' id='word_1_33' title='bbox 1508 597 1738 651; x_wconf 82' lang='lat' dir='ltr'>adiciant</span> <span class='ocrx_word' id='word_1_34' title='bbox 1758 597 1927 652; x_wconf 88' lang='lat' dir='ltr'>adhuc</span> <span class='ocrx_word' id='word_1_35' title='bbox 1946 597 2091 652; x_wconf 92' lang='lat' dir='ltr'>aliud</span> <span class='ocrx_word' id='word_1_36' title='bbox 2109 598 2200 653; x_wconf 91' lang='lat' dir='ltr'>de·</span> <span class='ocrx_word' id='word_1_37' title='bbox 2280 592 2292 629; x_wconf 69' lang='grc' dir='ltr'>’Ὺ</span> 
     </span>
     <span class='ocr_line' id='line_1_7' title="bbox 309 681 2297 752; baseline 0.001 -19"><span class='ocrx_word' id='word_1_38' title='bbox 309 681 512 751; x_wconf 87' lang='lat' dir='ltr'>lictum,</span> <span class='ocrx_word' id='word_1_39' title='bbox 540 682 601 734; x_wconf 91' lang='lat' dir='ltr'>ut</span> <span class='ocrx_word' id='word_1_40' title='bbox 621 682 748 734; x_wconf 93' lang='lat' dir='ltr'>dum</span> <span class='ocrx_word' id='word_1_41' title='bbox 766 682 914 735; x_wconf 92' lang='lat' dir='ltr'>nobis</span> <span class='ocrx_word' id='word_1_42' title='bbox 933 698 1027 736; x_wconf 90' lang='lat' dir='ltr'>nec</span> <span class='ocrx_word' id='word_1_43' title='bbox 1047 682 1319 752; x_wconf 86' lang='lat' dir='ltr'>euangelio</span> <span class='ocrx_word' id='word_1_44' title='bbox 1345 683 1541 736; x_wconf 87' lang='lat' dir='ltr'>seruire</span> <span class='ocrx_word' id='word_1_45' title='bbox 1565 699 1659 737; x_wconf 89' lang='lat' dir='ltr'>nec</span> <span class='ocrx_word' id='word_1_46' title='bbox 1678 685 1964 738; x_wconf 90' lang='lat' dir='ltr'>secundum</span> <span class='ocrx_word' id='word_1_47' title='bbox 1990 685 2200 738; x_wconf 89' lang='lat' dir='ltr'>uniuer-</span> <span class='ocrx_word' id='word_1_48' title='bbox 2287 731 2297 746; x_wconf 65' lang='lat'>-,</span> 
     </span>
     <span class='ocr_line' id='line_1_8' title="bbox 305 766 2293 838; baseline 0.003 -18"><span class='ocrx_word' id='word_1_49' title='bbox 305 781 481 820; x_wconf 90' lang='lat' dir='ltr'>sorum</span> <span class='ocrx_word' id='word_1_50' title='bbox 525 766 873 821; x_wconf 90' lang='lat' dir='ltr'>confessorum</span> <span class='ocrx_word' id='word_1_51' title='bbox 915 768 1122 822; x_wconf 86' lang='lat' dir='ltr'>litteras</span> <span class='ocrx_word' id='word_1_52' title='bbox 1164 783 1342 822; x_wconf 81' lang='lat' dir='ltr'>causas</span> <span class='ocrx_word' id='word_1_53' title='bbox 1384 785 1504 822; x_wconf 92' lang='lat' dir='ltr'>suas</span> <span class='ocrx_word' id='word_1_54' title='bbox 1543 770 1828 824; x_wconf 87' lang='lat' dir='ltr'>examinari</span> <span class='ocrx_word' id='word_1_55' title='bbox 1866 771 2197 838; x_wconf 90' lang='lat' dir='ltr'>permittunt.</span> <span class='ocrx_word' id='word_1_56' title='bbox 2217 785 2237 818; x_wconf 78' lang='lat'><strong>⁵</strong></span> <span class='ocrx_word' id='word_1_57' title='bbox 2289 787 2293 793; x_wconf 83' lang='grc'><em>’</em></span> 
     </span>
     <span class='ocr_line' id='line_1_9' title="bbox 305 854 2305 922; baseline 0.003 -17"><span class='ocrx_word' id='word_1_58' title='bbox 305 854 425 922; x_wconf 88' lang='lat' dir='ltr'>opto</span> <span class='ocrx_word' id='word_1_59' title='bbox 470 869 578 919; x_wconf 80' lang='lat' dir='ltr'>uOS,</span> <span class='ocrx_word' id='word_1_60' title='bbox 625 854 814 908; x_wconf 90' lang='lat' dir='ltr'>fratres</span> <span class='ocrx_word' id='word_1_61' title='bbox 859 854 1134 920; x_wconf 79' lang='lat' dir='ltr'>carissimi,</span> <span class='ocrx_word' id='word_1_62' title='bbox 1179 855 1310 908; x_wconf 91' lang='lat' dir='ltr'>bene</span> <span class='ocrx_word' id='word_1_63' title='bbox 1354 855 1527 908; x_wconf 91' lang='lat' dir='ltr'>ualere</span> <span class='ocrx_word' id='word_1_64' title='bbox 1573 856 1625 909; x_wconf 92' lang='lat' dir='ltr'>et</span> <span class='ocrx_word' id='word_1_65' title='bbox 1670 856 1836 910; x_wconf 88' lang='lat' dir='ltr'>nostri</span> <span class='ocrx_word' id='word_1_66' title='bbox 1878 856 2197 912; x_wconf 86' lang='lat' dir='ltr'>meminisse.</span> <span class='ocrx_word' id='word_1_67' title='bbox 2292 854 2305 874; x_wconf 64' lang='lat'><strong><em>⁵</em></strong></span> 
     </span>
     <span class='ocr_line' id='line_1_10' title="bbox 304 938 1283 994; baseline 0.003 -3"><span class='ocrx_word' id='word_1_68' title='bbox 304 938 687 994; x_wconf 86' lang='lat' dir='ltr'>fraternitatem</span> <span class='ocrx_word' id='word_1_69' title='bbox 713 940 1013 994; x_wconf 92' lang='lat' dir='ltr'>uniuersam</span> <span class='ocrx_word' id='word_1_70' title='bbox 1040 940 1283 994; x_wconf 90' lang='lat' dir='ltr'>salutate.</span> 
     </span>
    </p>
   </div>
   <div class='ocr_carea' id='block_1_4' title="bbox 706 1182 1798 1279">
    <p class='ocr_par' dir='ltr' id='par_1_4' title="bbox 706 1182 1798 1279">
     <span class='ocr_line' id='line_1_11' title="bbox 706 1182 1798 1279; baseline 0.005 -6"><span class='ocrx_word' id='word_1_71' title='bbox 706 1182 1350 1275; x_wconf 82' lang='lat' dir='ltr'><strong>EPISTVLA</strong></span> <span class='ocrx_word' id='word_1_72' title='bbox 1407 1183 1798 1279; x_wconf 89' lang='lat' dir='ltr'>XXVII.</span> 
     </span>
    </p>
   </div>
   <div class='ocr_carea' id='block_1_5' title="bbox 300 1355 2237 1474">
    <p class='ocr_par' dir='ltr' id='par_1_5' title="bbox 300 1355 2237 1474">
     <span class='ocr_line' id='line_1_12' title="bbox 300 1355 2201 1405; baseline 0.001 -4"><span class='ocrx_word' id='word_1_73' title='bbox 300 1355 637 1401; x_wconf 85' lang='lat' dir='ltr'><strong>CYPRIANVS</strong></span> <span class='ocrx_word' id='word_1_74' title='bbox 673 1356 1078 1401; x_wconf 83' lang='lat' dir='ltr'>PRESBYTERIS</span> <span class='ocrx_word' id='word_1_75' title='bbox 1109 1357 1183 1401; x_wconf 89' lang='grc' dir='ltr'>ΕΤ</span> <span class='ocrx_word' id='word_1_76' title='bbox 1214 1357 1580 1403; x_wconf 87' lang='lat' dir='ltr'><strong>DIACONIBVS</strong></span> <span class='ocrx_word' id='word_1_77' title='bbox 1610 1358 1818 1404; x_wconf 86' lang='lat' dir='ltr'><strong>ROMAE</strong></span> <span class='ocrx_word' id='word_1_78' title='bbox 1850 1358 2201 1405; x_wconf 85' lang='lat' dir='ltr'>CONSISTEN-</span> 
     </span>
     <span class='ocr_line' id='line_1_13' title="bbox 942 1429 2237 1474; baseline 0.004 -2"><span class='ocrx_word' id='word_1_79' title='bbox 942 1429 1117 1473; x_wconf 86' lang='lat' dir='ltr'>TIBVS</span> <span class='ocrx_word' id='word_1_80' title='bbox 1148 1429 1483 1474; x_wconf 83' lang='lat' dir='ltr'><strong>FRATRIBVS</strong></span> <span class='ocrx_word' id='word_1_81' title='bbox 1515 1430 1557 1474; x_wconf 81' lang='lat' dir='ltr'>S.</span> <span class='ocrx_word' id='word_1_82' title='bbox 2196 1435 2237 1469; x_wconf 88' lang='lat'>10</span> 
     </span>
    </p>
   </div>
   <div class='ocr_carea' id='block_1_6' title="bbox 255 1587 2192 1917">
    <p class='ocr_par' dir='ltr' id='par_1_6' title="bbox 255 1587 2192 1917">
     <span class='ocr_line' id='line_1_14' title="bbox 255 1587 2192 1657; baseline 0.002 -17"><span class='ocrx_word' id='word_1_83' title='bbox 255 1598 276 1648; x_wconf 84' lang='lat'>1</span> <span class='ocrx_word' id='word_1_84' title='bbox 369 1588 545 1642; x_wconf 83' lang='lat' dir='ltr'>Factis</span> <span class='ocrx_word' id='word_1_85' title='bbox 581 1588 646 1642; x_wconf 89' lang='lat' dir='ltr'>ad</span> <span class='ocrx_word' id='word_1_86' title='bbox 682 1603 774 1642; x_wconf 91' lang='lat' dir='ltr'>uos</span> <span class='ocrx_word' id='word_1_87' title='bbox 818 1588 1029 1657; x_wconf 85' lang='lat' dir='ltr'>litteris,</span> <span class='ocrx_word' id='word_1_88' title='bbox 1077 1587 1265 1642; x_wconf 87' lang='lat' dir='ltr'>fratres</span> <span class='ocrx_word' id='word_1_89' title='bbox 1307 1589 1581 1655; x_wconf 85' lang='lat' dir='ltr'>carissimi,</span> <span class='ocrx_word' id='word_1_90' title='bbox 1625 1589 1815 1657; x_wconf 91' lang='lat' dir='ltr'>quibus</span> <span class='ocrx_word' id='word_1_91' title='bbox 1842 1591 1990 1644; x_wconf 89' lang='lat' dir='ltr'>actus</span> <span class='ocrx_word' id='word_1_92' title='bbox 2016 1589 2192 1643; x_wconf 91' lang='lat' dir='ltr'>noster</span> 
     </span>
     <span class='ocr_line' id='line_1_15' title="bbox 299 1673 2191 1744; baseline 0 -16"><span class='ocrx_word' id='word_1_93' title='bbox 299 1674 562 1743; x_wconf 80' lang='lat' dir='ltr'>expositus</span> <span class='ocrx_word' id='word_1_94' title='bbox 609 1674 661 1728; x_wconf 87' lang='lat' dir='ltr'>et</span> <span class='ocrx_word' id='word_1_95' title='bbox 706 1673 1011 1742; x_wconf 89' lang='lat' dir='ltr'>disciplinae</span> <span class='ocrx_word' id='word_1_96' title='bbox 1054 1691 1112 1729; x_wconf 89' lang='lat' dir='ltr'>ac</span> <span class='ocrx_word' id='word_1_97' title='bbox 1158 1675 1463 1744; x_wconf 81' lang='lat' dir='ltr'>diligentiae</span> <span class='ocrx_word' id='word_1_98' title='bbox 1508 1676 2012 1743; x_wconf 86' lang='lat' dir='ltr'>quantulaecumque</span> <span class='ocrx_word' id='word_1_99' title='bbox 2056 1675 2191 1729; x_wconf 91' lang='lat' dir='ltr'>ratio</span> 
     </span>
     <span class='ocr_line' id='line_1_16' title="bbox 298 1760 2188 1829; baseline 0.001 -15"><span class='ocrx_word' id='word_1_100' title='bbox 298 1762 558 1814; x_wconf 88' lang='lat' dir='ltr'>declarata</span> <span class='ocrx_word' id='word_1_101' title='bbox 599 1761 693 1825; x_wconf 90' lang='lat' dir='ltr'>est,</span> <span class='ocrx_word' id='word_1_102' title='bbox 734 1760 879 1814; x_wconf 88' lang='lat' dir='ltr'>aliud</span> <span class='ocrx_word' id='word_1_103' title='bbox 917 1761 1135 1814; x_wconf 89' lang='lat' dir='ltr'>accessit</span> <span class='ocrx_word' id='word_1_104' title='bbox 1173 1762 1309 1829; x_wconf 89' lang='lat' dir='ltr'>quod</span> <span class='ocrx_word' id='word_1_105' title='bbox 1348 1777 1441 1815; x_wconf 92' lang='lat' dir='ltr'>nec</span> <span class='ocrx_word' id='word_1_106' title='bbox 1477 1762 1652 1829; x_wconf 90' lang='lat' dir='ltr'>ipsum</span> <span class='ocrx_word' id='word_1_107' title='bbox 1687 1761 1847 1815; x_wconf 87' lang='lat' dir='ltr'>latere</span> <span class='ocrx_word' id='word_1_108' title='bbox 1873 1776 1965 1815; x_wconf 90' lang='lat' dir='ltr'>uos</span> <span class='ocrx_word' id='word_1_109' title='bbox 1994 1761 2188 1815; x_wconf 88' lang='lat' dir='ltr'>debuit.</span> 
     </span>
     <span class='ocr_line' id='line_1_17' title="bbox 296 1847 2192 1917; baseline 0.001 -16"><span class='ocrx_word' id='word_1_110' title='bbox 296 1864 418 1901; x_wconf 91' lang='lat' dir='ltr'>nam</span> <span class='ocrx_word' id='word_1_111' title='bbox 459 1847 620 1901; x_wconf 87' lang='lat' dir='ltr'>frater</span> <span class='ocrx_word' id='word_1_112' title='bbox 657 1848 829 1900; x_wconf 90' lang='lat' dir='ltr'>noster</span> <span class='ocrx_word' id='word_1_113' title='bbox 868 1848 1129 1902; x_wconf 86' lang='lat' dir='ltr'>Lucianus</span> <span class='ocrx_word' id='word_1_114' title='bbox 1157 1849 1208 1902; x_wconf 91' lang='lat' dir='ltr'>et</span> <span class='ocrx_word' id='word_1_115' title='bbox 1232 1849 1344 1917; x_wconf 89' lang='lat' dir='ltr'>ipse</span> <span class='ocrx_word' id='word_1_116' title='bbox 1382 1865 1516 1901; x_wconf 91' lang='lat' dir='ltr'>unus</span> <span class='ocrx_word' id='word_1_117' title='bbox 1551 1849 1614 1901; x_wconf 91' lang='lat' dir='ltr'>de</span> <span class='ocrx_word' id='word_1_118' title='bbox 1651 1847 2044 1914; x_wconf 78' lang='lat' dir='ltr'>confessoribUS,</span> <span class='ocrx_word' id='word_1_119' title='bbox 2091 1848 2192 1903; x_wconf 87' lang='lat' dir='ltr'>fide</span> 
     </span>
    </p>
   </div>
   <div class='ocr_carea' id='block_1_7' title="bbox 290 2049 2197 3617">
    <p class='ocr_par' dir='ltr' id='par_1_7' title="bbox 290 2049 2197 2683">
     <span class='ocr_line' id='line_1_18' title="bbox 382 2049 2195 2106; baseline 0.001 -13"><span class='ocrx_word' id='word_1_120' title='bbox 382 2052 407 2093; x_wconf 89' lang='lat'>1</span> <span class='ocrx_word' id='word_1_121' title='bbox 439 2050 640 2106; x_wconf 80' lang='lat' dir='ltr'>exempla</span> <span class='ocrx_word' id='word_1_122' title='bbox 662 2066 693 2106; x_wconf 90' lang='grc' dir='ltr'>μ</span> <span class='ocrx_word' id='word_1_123' title='bbox 860 2049 887 2093; x_wconf 82' lang='lat'>2</span> <span class='ocrx_word' id='word_1_124' title='bbox 920 2062 970 2093; x_wconf 89' lang='lat' dir='ltr'>ac</span> <span class='ocrx_word' id='word_1_125' title='bbox 990 2049 1138 2105; x_wconf 86' lang='lat' dir='ltr'>magis</span> <span class='ocrx_word' id='word_1_126' title='bbox 1175 2062 1258 2093; x_wconf 86' lang='lat' dir='ltr'>om.</span> <span class='ocrx_word' id='word_1_127' title='bbox 1283 2065 1317 2091; x_wconf 92' lang='grc' dir='ltr'>ω</span> <span class='ocrx_word' id='word_1_128' title='bbox 1483 2050 1510 2092; x_wconf 88' lang='lat'><strong>3</strong></span> <span class='ocrx_word' id='word_1_129' title='bbox 1541 2049 1828 2106; x_wconf 86' lang='lat' dir='ltr'>patientiam]</span> <span class='ocrx_word' id='word_1_130' title='bbox 1865 2050 2195 2106; x_wconf 87' lang='lat' dir='ltr'>paenitentiam</span> 
     </span>
     <span class='ocr_line' id='line_1_19' title="bbox 293 2116 2197 2179; baseline 0.001 -13"><span class='ocrx_word' id='word_1_131' title='bbox 293 2123 434 2166; x_wconf 83' lang='lat' dir='ltr'>EIom</span> <span class='ocrx_word' id='word_1_132' title='bbox 580 2121 736 2178; x_wconf 89' lang='lat' dir='ltr'>priori]</span> <span class='ocrx_word' id='word_1_133' title='bbox 770 2123 945 2178; x_wconf 88' lang='lat' dir='ltr'>proprio</span> <span class='ocrx_word' id='word_1_134' title='bbox 970 2121 1027 2165; x_wconf 84' lang='grc' dir='ltr'>Ιυ</span> <span class='ocrx_word' id='word_1_135' title='bbox 1172 2121 1201 2164; x_wconf 84' lang='grc'>4</span> <span class='ocrx_word' id='word_1_136' title='bbox 1222 2122 1275 2164; x_wconf 90' lang='lat' dir='ltr'>ut</span> <span class='ocrx_word' id='word_1_137' title='bbox 1299 2122 1410 2165; x_wconf 90' lang='lat' dir='ltr'>dum</span> <span class='ocrx_word' id='word_1_138' title='bbox 1431 2121 1559 2165; x_wconf 82' lang='lat' dir='ltr'>E¹M</span> <span class='ocrx_word' id='word_1_139' title='bbox 1566 2121 1618 2177; x_wconf 83' lang='lat' dir='ltr'>T,</span> <span class='ocrx_word' id='word_1_140' title='bbox 1657 2116 1763 2165; x_wconf 85' lang='lat' dir='ltr'>dum</span> <span class='ocrx_word' id='word_1_141' title='bbox 1783 2122 2036 2178; x_wconf 63' lang='grc' dir='ltr'>ΕἿομωυς</span> <span class='ocrx_word' id='word_1_142' title='bbox 2068 2123 2130 2177; x_wconf 82' lang='lat' dir='ltr'>cf.</span> <span class='ocrx_word' id='word_1_143' title='bbox 2145 2137 2197 2179; x_wconf 78' lang='lat' dir='ltr'>p.</span> 
     </span>
     <span class='ocr_line' id='line_1_20' title="bbox 294 2193 2195 2251; baseline 0 -13"><span class='ocrx_word' id='word_1_144' title='bbox 294 2196 459 2248; x_wconf 78' lang='lat'>536,12</span> <span class='ocrx_word' id='word_1_145' title='bbox 602 2193 747 2249; x_wconf 90' lang='lat' dir='ltr'>nobis]</span> <span class='ocrx_word' id='word_1_146' title='bbox 780 2207 859 2237; x_wconf 88' lang='lat' dir='ltr'>nec</span> <span class='ocrx_word' id='word_1_147' title='bbox 880 2194 1009 2237; x_wconf 90' lang='lat' dir='ltr'>nobis</span> <span class='ocrx_word' id='word_1_148' title='bbox 1034 2193 1151 2250; x_wconf 85' lang='grc' dir='ltr'>Ιμυ,·</span> <span class='ocrx_word' id='word_1_149' title='bbox 1190 2193 1246 2248; x_wconf 80' lang='lat' dir='ltr'>cf.</span> <span class='ocrx_word' id='word_1_150' title='bbox 1280 2193 1486 2238; x_wconf 70' lang='lat' dir='ltr'>Gronou.</span> <span class='ocrx_word' id='word_1_151' title='bbox 1511 2194 1684 2237; x_wconf 67' lang='lat' dir='ltr'>obsera.</span> <span class='ocrx_word' id='word_1_152' title='bbox 1701 2207 1749 2249; x_wconf 75' lang='lat'>1).</span> <span class='ocrx_word' id='word_1_153' title='bbox 1774 2197 1860 2237; x_wconf 80' lang='lat'>145</span> <span class='ocrx_word' id='word_1_154' title='bbox 2007 2194 2195 2251; x_wconf 81' lang='lat' dir='ltr'>seruire]</span> 
     </span>
     <span class='ocr_line' id='line_1_21' title="bbox 293 2265 2135 2323; baseline 0 -13"><span class='ocrx_word' id='word_1_155' title='bbox 293 2266 453 2310; x_wconf 91' lang='lat' dir='ltr'>uolunt</span> <span class='ocrx_word' id='word_1_156' title='bbox 475 2268 642 2310; x_wconf 86' lang='lat' dir='ltr'>seruire</span> <span class='ocrx_word' id='word_1_157' title='bbox 660 2281 720 2323; x_wconf 82' lang='grc' dir='ltr'>μυ</span> <span class='ocrx_word' id='word_1_158' title='bbox 818 2266 846 2309; x_wconf 80' lang='lat'>5</span> <span class='ocrx_word' id='word_1_159' title='bbox 867 2265 1168 2309; x_wconf 88' lang='lat' dir='ltr'>confessorum</span> <span class='ocrx_word' id='word_1_160' title='bbox 1190 2278 1272 2309; x_wconf 84' lang='lat' dir='ltr'>om.</span> <span class='ocrx_word' id='word_1_161' title='bbox 1294 2282 1324 2321; x_wconf 92' lang='grc' dir='ltr'>μ</span> <span class='ocrx_word' id='word_1_162' title='bbox 1413 2278 1594 2309; x_wconf 85' lang='lat' dir='ltr'>causam</span> <span class='ocrx_word' id='word_1_163' title='bbox 1616 2279 1744 2309; x_wconf 88' lang='lat' dir='ltr'>suam</span> <span class='ocrx_word' id='word_1_164' title='bbox 1766 2283 1810 2322; x_wconf 90' lang='grc' dir='ltr'>μ,</span> <span class='ocrx_word' id='word_1_165' title='bbox 1834 2279 1915 2310; x_wconf 83' lang='lat' dir='ltr'>om.</span> <span class='ocrx_word' id='word_1_166' title='bbox 1936 2267 2135 2311; x_wconf 79' lang='lat' dir='ltr'>E¹MTco</span> 
     </span>
     <span class='ocr_line' id='line_1_22' title="bbox 291 2337 2183 2395; baseline 0.001 -13"><span class='ocrx_word' id='word_1_167' title='bbox 291 2340 542 2383; x_wconf 83' lang='lat' dir='ltr'>examinare</span> <span class='ocrx_word' id='word_1_168' title='bbox 560 2339 717 2395; x_wconf 87' lang='grc' dir='ltr'>Μομω</span> <span class='ocrx_word' id='word_1_169' title='bbox 808 2338 835 2381; x_wconf 92' lang='grc'><strong>6</strong></span> <span class='ocrx_word' id='word_1_170' title='bbox 854 2338 1077 2381; x_wconf 88' lang='lat' dir='ltr'>carissimi</span> <span class='ocrx_word' id='word_1_171' title='bbox 1095 2351 1176 2382; x_wconf 82' lang='lat' dir='ltr'>om.</span> <span class='ocrx_word' id='word_1_172' title='bbox 1201 2340 1250 2392; x_wconf 87' lang='lat' dir='ltr'>T,</span> <span class='ocrx_word' id='word_1_173' title='bbox 1273 2337 1498 2381; x_wconf 89' lang='lat' dir='ltr'>carissimi</span> <span class='ocrx_word' id='word_1_174' title='bbox 1515 2350 1685 2393; x_wconf 89' lang='lat' dir='ltr'>semper</span> <span class='ocrx_word' id='word_1_175' title='bbox 1702 2338 1818 2395; x_wconf 89' lang='grc' dir='ltr'>Μομ</span> <span class='ocrx_word' id='word_1_176' title='bbox 1897 2341 1943 2382; x_wconf 89' lang='lat' dir='ltr'>et</span> <span class='ocrx_word' id='word_1_177' title='bbox 1960 2340 2122 2383; x_wconf 88' lang='lat' dir='ltr'>nostri.</span> <span class='ocrx_word' id='word_1_178' title='bbox 2142 2372 2152 2382; x_wconf 92' lang='lat'><strong>.</strong></span> <span class='ocrx_word' id='word_1_179' title='bbox 2171 2371 2183 2383; x_wconf 89' lang='lat'><strong>.</strong></span> 
     </span>
     <span class='ocr_line' id='line_1_23' title="bbox 292 2409 2197 2469; baseline 0.001 -15"><span class='ocrx_word' id='word_1_180' title='bbox 292 2411 493 2454; x_wconf 87' lang='lat' dir='ltr'>salutate</span> <span class='ocrx_word' id='word_1_181' title='bbox 515 2423 598 2455; x_wconf 85' lang='lat' dir='ltr'>om.</span> <span class='ocrx_word' id='word_1_182' title='bbox 623 2427 654 2466; x_wconf 88' lang='grc' dir='ltr'>μ</span> <span class='ocrx_word' id='word_1_183' title='bbox 801 2409 826 2453; x_wconf 85' lang='grc'>7</span> <span class='ocrx_word' id='word_1_184' title='bbox 850 2410 1045 2452; x_wconf 90' lang='lat' dir='ltr'>salutem</span> <span class='ocrx_word' id='word_1_185' title='bbox 1072 2411 1121 2462; x_wconf 86' lang='lat' dir='ltr'>T,</span> <span class='ocrx_word' id='word_1_186' title='bbox 1160 2409 1358 2452; x_wconf 87' lang='lat' dir='ltr'>salutate</span> <span class='ocrx_word' id='word_1_187' title='bbox 1380 2409 1530 2453; x_wconf 87' lang='lat' dir='ltr'>ualete</span> <span class='ocrx_word' id='word_1_188' title='bbox 1551 2410 1650 2454; x_wconf 81' lang='lat' dir='ltr'>IM.</span> <span class='ocrx_word' id='word_1_189' title='bbox 1676 2434 1728 2441; x_wconf 89' lang='lat'>—-</span> <span class='ocrx_word' id='word_1_190' title='bbox 1750 2410 1955 2467; x_wconf 88' lang='lat' dir='ltr'>Epistola</span> <span class='ocrx_word' id='word_1_191' title='bbox 1979 2410 2197 2469; x_wconf 83' lang='lat' dir='ltr'>Cypriani</span> 
     </span>
     <span class='ocr_line' id='line_1_24' title="bbox 294 2480 2194 2541; baseline 0.002 -16"><span class='ocrx_word' id='word_1_192' title='bbox 294 2481 511 2538; x_wconf 84' lang='lat' dir='ltr'>(Explicit</span> <span class='ocrx_word' id='word_1_193' title='bbox 533 2496 571 2534; x_wconf 90' lang='lat' dir='ltr'>o,</span> <span class='ocrx_word' id='word_1_194' title='bbox 606 2495 688 2526; x_wconf 85' lang='lat' dir='ltr'>om.</span> <span class='ocrx_word' id='word_1_195' title='bbox 714 2481 837 2537; x_wconf 83' lang='lat' dir='ltr'>EM)</span> <span class='ocrx_word' id='word_1_196' title='bbox 871 2480 927 2524; x_wconf 89' lang='lat' dir='ltr'>ad</span> <span class='ocrx_word' id='word_1_197' title='bbox 950 2481 1117 2524; x_wconf 90' lang='lat' dir='ltr'>clerum</span> <span class='ocrx_word' id='word_1_198' title='bbox 1152 2494 1239 2525; x_wconf 90' lang='lat' dir='ltr'>non</span> <span class='ocrx_word' id='word_1_199' title='bbox 1270 2483 1437 2525; x_wconf 91' lang='lat' dir='ltr'>temere</span> <span class='ocrx_word' id='word_1_200' title='bbox 1466 2494 1620 2538; x_wconf 89' lang='lat' dir='ltr'>pacem</span> <span class='ocrx_word' id='word_1_201' title='bbox 1651 2481 1846 2525; x_wconf 87' lang='lat' dir='ltr'>dandam</span> <span class='ocrx_word' id='word_1_202' title='bbox 1876 2482 1955 2526; x_wconf 91' lang='lat' dir='ltr'>ubi</span> <span class='ocrx_word' id='word_1_203' title='bbox 1976 2485 2023 2527; x_wconf 93' lang='lat' dir='ltr'>et</span> <span class='ocrx_word' id='word_1_204' title='bbox 2043 2484 2103 2541; x_wconf 88' lang='lat' dir='ltr'>(ei</span> <span class='ocrx_word' id='word_1_205' title='bbox 2124 2485 2194 2538; x_wconf 87' lang='lat' dir='ltr'>M,</span> 
     </span>
     <span class='ocr_line' id='line_1_25' title="bbox 290 2553 2190 2613; baseline 0.002 -15"><span class='ocrx_word' id='word_1_206' title='bbox 290 2568 372 2599; x_wconf 87' lang='lat' dir='ltr'>om.</span> <span class='ocrx_word' id='word_1_207' title='bbox 412 2556 455 2612; x_wconf 88' lang='grc' dir='ltr'>ο)</span> <span class='ocrx_word' id='word_1_208' title='bbox 495 2554 608 2599; x_wconf 86' lang='lat' dir='ltr'>dicit</span> <span class='ocrx_word' id='word_1_209' title='bbox 644 2567 689 2597; x_wconf 83' lang='lat' dir='ltr'>se</span> <span class='ocrx_word' id='word_1_210' title='bbox 728 2555 872 2598; x_wconf 89' lang='lat' dir='ltr'>solum</span> <span class='ocrx_word' id='word_1_211' title='bbox 913 2553 1123 2598; x_wconf 87' lang='lat' dir='ltr'>idoneum</span> <span class='ocrx_word' id='word_1_212' title='bbox 1163 2567 1251 2597; x_wconf 92' lang='lat' dir='ltr'>non</span> <span class='ocrx_word' id='word_1_213' title='bbox 1293 2568 1387 2598; x_wconf 88' lang='lat' dir='ltr'>esse</span> <span class='ocrx_word' id='word_1_214' title='bbox 1430 2554 1615 2611; x_wconf 85' lang='lat' dir='ltr'>explicit</span> <span class='ocrx_word' id='word_1_215' title='bbox 1658 2556 1757 2611; x_wconf 82' lang='lat' dir='ltr'>(om.</span> <span class='ocrx_word' id='word_1_216' title='bbox 1791 2557 1836 2612; x_wconf 91' lang='lat' dir='ltr'>o)</span> <span class='ocrx_word' id='word_1_217' title='bbox 1875 2557 1983 2600; x_wconf 85' lang='lat' dir='ltr'>EM</span> <span class='ocrx_word' id='word_1_218' title='bbox 1987 2557 2065 2613; x_wconf 88' lang='lat' dir='ltr'>To,</span> <span class='ocrx_word' id='word_1_219' title='bbox 2108 2570 2190 2602; x_wconf 86' lang='lat' dir='ltr'>om.</span> 
     </span>
     <span class='ocr_line' id='line_1_26' title="bbox 293 2628 485 2683; baseline 0 -12"><span class='ocrx_word' id='word_1_220' title='bbox 293 2628 406 2683; x_wconf 87' lang='grc' dir='ltr'>Ιμω.</span> <span class='ocrx_word' id='word_1_221' title='bbox 433 2651 485 2659; x_wconf 87' lang='grc'><strong>-</strong></span> 
     </span>
    </p>

    <p class='ocr_par' dir='ltr' id='par_1_8' title="bbox 290 2682 2194 3617">
     <span class='ocr_line' id='line_1_27' title="bbox 379 2682 2193 2756; baseline 0.001 -14"><span class='ocrx_word' id='word_1_222' title='bbox 379 2699 521 2756; x_wconf 88' lang='lat' dir='ltr'>Epist.</span> <span class='ocrx_word' id='word_1_223' title='bbox 560 2682 747 2743; x_wconf 66' lang='lat' dir='ltr'>XXVII.</span> <span class='ocrx_word' id='word_1_224' title='bbox 772 2724 822 2731; x_wconf 92' lang='lat'>--</span> <span class='ocrx_word' id='word_1_225' title='bbox 846 2698 1018 2755; x_wconf 88' lang='lat' dir='ltr'>Incipit</span> <span class='ocrx_word' id='word_1_226' title='bbox 1057 2698 1266 2754; x_wconf 86' lang='lat' dir='ltr'>(epistola</span> <span class='ocrx_word' id='word_1_227' title='bbox 1297 2698 1502 2755; x_wconf 87' lang='lat' dir='ltr'>Cipriani</span> <span class='ocrx_word' id='word_1_228' title='bbox 1538 2698 1645 2743; x_wconf 81' lang='lat' dir='ltr'>add.</span> <span class='ocrx_word' id='word_1_229' title='bbox 1678 2700 1735 2756; x_wconf 91' lang='lat' dir='ltr'>T)</span> <span class='ocrx_word' id='word_1_230' title='bbox 1773 2699 1829 2743; x_wconf 86' lang='lat' dir='ltr'>ad</span> <span class='ocrx_word' id='word_1_231' title='bbox 1865 2699 2032 2743; x_wconf 90' lang='lat' dir='ltr'>clerum</span> <span class='ocrx_word' id='word_1_232' title='bbox 2068 2699 2193 2745; x_wconf 87' lang='lat' dir='ltr'>urbis</span> 
     </span>
     <span class='ocr_line' id='line_1_28' title="bbox 292 2770 2194 2827; baseline 0.001 -13"><span class='ocrx_word' id='word_1_233' title='bbox 292 2770 370 2826; x_wconf 84' lang='lat' dir='ltr'>(ad</span> <span class='ocrx_word' id='word_1_234' title='bbox 404 2771 519 2815; x_wconf 89' lang='lat' dir='ltr'>clero</span> <span class='ocrx_word' id='word_1_235' title='bbox 556 2771 706 2814; x_wconf 88' lang='lat' dir='ltr'>urbico</span> <span class='ocrx_word' id='word_1_236' title='bbox 736 2772 791 2826; x_wconf 89' lang='lat' dir='ltr'>T)</span> <span class='ocrx_word' id='word_1_237' title='bbox 813 2770 867 2814; x_wconf 87' lang='lat' dir='ltr'>de</span> <span class='ocrx_word' id='word_1_238' title='bbox 887 2771 1045 2814; x_wconf 89' lang='lat' dir='ltr'>multis</span> <span class='ocrx_word' id='word_1_239' title='bbox 1083 2770 1409 2814; x_wconf 85' lang='lat' dir='ltr'>confessoribus</span> <span class='ocrx_word' id='word_1_240' title='bbox 1442 2772 1542 2827; x_wconf 84' lang='lat' dir='ltr'>(om.</span> <span class='ocrx_word' id='word_1_241' title='bbox 1574 2771 1630 2827; x_wconf 87' lang='lat' dir='ltr'>T)</span> <span class='ocrx_word' id='word_1_242' title='bbox 1653 2774 1698 2814; x_wconf 89' lang='lat' dir='ltr'>et</span> <span class='ocrx_word' id='word_1_243' title='bbox 1719 2771 1771 2815; x_wconf 92' lang='lat' dir='ltr'>de</span> <span class='ocrx_word' id='word_1_244' title='bbox 1793 2771 1982 2815; x_wconf 89' lang='lat' dir='ltr'>Luciani</span> <span class='ocrx_word' id='word_1_245' title='bbox 2018 2771 2194 2816; x_wconf 87' lang='lat' dir='ltr'>inuere-</span> 
     </span>
     <span class='ocr_line' id='line_1_29' title="bbox 293 2842 2190 2900; baseline 0.001 -14"><span class='ocrx_word' id='word_1_246' title='bbox 293 2842 453 2886; x_wconf 88' lang='lat' dir='ltr'>cundia</span> <span class='ocrx_word' id='word_1_247' title='bbox 476 2842 804 2897; x_wconf 89' lang='lat' dir='ltr'>(uerecundiam</span> <span class='ocrx_word' id='word_1_248' title='bbox 833 2843 889 2898; x_wconf 89' lang='lat' dir='ltr'>T)</span> <span class='ocrx_word' id='word_1_249' title='bbox 914 2844 960 2886; x_wconf 91' lang='lat' dir='ltr'>et</span> <span class='ocrx_word' id='word_1_250' title='bbox 981 2842 1034 2886; x_wconf 89' lang='lat' dir='ltr'>de</span> <span class='ocrx_word' id='word_1_251' title='bbox 1057 2843 1157 2899; x_wconf 81' lang='lat' dir='ltr'>(om.</span> <span class='ocrx_word' id='word_1_252' title='bbox 1182 2843 1224 2898; x_wconf 71' lang='lat' dir='ltr'>z)</span> <span class='ocrx_word' id='word_1_253' title='bbox 1248 2842 1442 2886; x_wconf 88' lang='lat' dir='ltr'>Celerini</span> <span class='ocrx_word' id='word_1_254' title='bbox 1474 2842 1738 2887; x_wconf 87' lang='lat' dir='ltr'>confessoris</span> <span class='ocrx_word' id='word_1_255' title='bbox 1759 2842 1982 2887; x_wconf 85' lang='lat' dir='ltr'>modestia</span> <span class='ocrx_word' id='word_1_256' title='bbox 2009 2846 2069 2888; x_wconf 78' lang='lat' dir='ltr'>Tz</span> <span class='ocrx_word' id='word_1_257' title='bbox 2090 2845 2190 2900; x_wconf 79' lang='lat' dir='ltr'><em>(fol.</em></span> 
     </span>
     <span class='ocr_line' id='line_1_30' title="bbox 293 2900 2193 2971; baseline 0.001 -12"><span class='ocrx_word' id='word_1_258' title='bbox 293 2918 385 2959; x_wconf 74' lang='lat'>204</span> <span class='ocrx_word' id='word_1_259' title='bbox 405 2916 469 2970; x_wconf 84' lang='lat' dir='ltr'>a),</span> <span class='ocrx_word' id='word_1_260' title='bbox 506 2914 678 2971; x_wconf 86' lang='lat' dir='ltr'>Incipit</span> <span class='ocrx_word' id='word_1_261' title='bbox 709 2914 761 2957; x_wconf 89' lang='lat' dir='ltr'>dc</span> <span class='ocrx_word' id='word_1_262' title='bbox 792 2914 934 2970; x_wconf 89' lang='lat' dir='ltr'>lapsis</span> <span class='ocrx_word' id='word_1_263' title='bbox 970 2914 1279 2970; x_wconf 89' lang='lat' dir='ltr'>penitentibus</span> <span class='ocrx_word' id='word_1_264' title='bbox 1317 2915 1362 2957; x_wconf 92' lang='lat' dir='ltr'>et</span> <span class='ocrx_word' id='word_1_265' title='bbox 1393 2914 1448 2958; x_wconf 90' lang='lat' dir='ltr'>ad</span> <span class='ocrx_word' id='word_1_266' title='bbox 1484 2900 1639 2970; x_wconf 55' lang='lat' dir='ltr'>prb&#39;ffss</span> <span class='ocrx_word' id='word_1_267' title='bbox 1670 2916 1716 2957; x_wconf 87' lang='lat' dir='ltr'>et</span> <span class='ocrx_word' id='word_1_268' title='bbox 1738 2914 1794 2958; x_wconf 89' lang='lat' dir='ltr'>ad</span> <span class='ocrx_word' id='word_1_269' title='bbox 1825 2914 2034 2959; x_wconf 87' lang='lat' dir='ltr'>diaconos</span> <span class='ocrx_word' id='word_1_270' title='bbox 2055 2915 2193 2960; x_wconf 87' lang='lat' dir='ltr'>Rome</span> 
     </span>
     <span class='ocr_line' id='line_1_31' title="bbox 293 2985 2189 3044; baseline 0.001 -13"><span class='ocrx_word' id='word_1_271' title='bbox 293 2986 644 3031; x_wconf 87' lang='lat' dir='ltr'>consistentibus</span> <span class='ocrx_word' id='word_1_272' title='bbox 681 2988 725 3029; x_wconf 90' lang='lat' dir='ltr'>ot</span> <span class='ocrx_word' id='word_1_273' title='bbox 760 2985 813 3029; x_wconf 91' lang='lat' dir='ltr'>de</span> <span class='ocrx_word' id='word_1_274' title='bbox 833 2986 1022 3030; x_wconf 90' lang='lat' dir='ltr'>Luciani</span> <span class='ocrx_word' id='word_1_275' title='bbox 1059 2986 1265 3029; x_wconf 82' lang='lat' dir='ltr'>falsitate</span> <span class='ocrx_word' id='word_1_276' title='bbox 1303 2988 1349 3029; x_wconf 86' lang='lat' dir='ltr'>et</span> <span class='ocrx_word' id='word_1_277' title='bbox 1384 2985 1438 3030; x_wconf 89' lang='lat' dir='ltr'>de</span> <span class='ocrx_word' id='word_1_278' title='bbox 1459 2986 1637 3030; x_wconf 89' lang='lat' dir='ltr'>nomine</span> <span class='ocrx_word' id='word_1_279' title='bbox 1657 2986 1792 3030; x_wconf 87' lang='lat' dir='ltr'>Pauli</span> <span class='ocrx_word' id='word_1_280' title='bbox 1814 2987 1856 3030; x_wconf 94' lang='lat' dir='ltr'><em>Z</em></span> <span class='ocrx_word' id='word_1_281' title='bbox 1889 2987 1990 3044; x_wconf 80' lang='lat' dir='ltr'>(fol.</span> <span class='ocrx_word' id='word_1_282' title='bbox 2014 2990 2104 3032; x_wconf 80' lang='lat'>164</span> <span class='ocrx_word' id='word_1_283' title='bbox 2124 2988 2189 3043; x_wconf 86' lang='lat' dir='ltr'>a),</span> 
     </span>
     <span class='ocr_line' id='line_1_32' title="bbox 292 3057 2192 3115; baseline 0.001 -14"><span class='ocrx_word' id='word_1_284' title='bbox 292 3058 499 3115; x_wconf 88' lang='lat' dir='ltr'>Epistola</span> <span class='ocrx_word' id='word_1_285' title='bbox 520 3057 721 3114; x_wconf 87' lang='lat' dir='ltr'>Cipriani</span> <span class='ocrx_word' id='word_1_286' title='bbox 750 3057 806 3102; x_wconf 89' lang='lat' dir='ltr'>ad</span> <span class='ocrx_word' id='word_1_287' title='bbox 838 3058 1005 3101; x_wconf 91' lang='lat' dir='ltr'>clerum</span> <span class='ocrx_word' id='word_1_288' title='bbox 1027 3058 1276 3102; x_wconf 81' lang='lat' dir='ltr'>Romanum</span> <span class='ocrx_word' id='word_1_289' title='bbox 1296 3058 1350 3102; x_wconf 91' lang='lat' dir='ltr'>de</span> <span class='ocrx_word' id='word_1_290' title='bbox 1369 3058 1566 3102; x_wconf 90' lang='lat' dir='ltr'>Luciano</span> <span class='ocrx_word' id='word_1_291' title='bbox 1605 3058 1861 3103; x_wconf 88' lang='lat' dir='ltr'>inordinate</span> <span class='ocrx_word' id='word_1_292' title='bbox 1900 3058 2123 3103; x_wconf 87' lang='lat' dir='ltr'>scribente</span> <span class='ocrx_word' id='word_1_293' title='bbox 2145 3060 2192 3103; x_wconf 82' lang='lat' dir='ltr'>et</span> 
     </span>
     <span class='ocr_line' id='line_1_33' title="bbox 291 3129 2191 3187; baseline 0.001 -13"><span class='ocrx_word' id='word_1_294' title='bbox 291 3130 345 3174; x_wconf 86' lang='lat' dir='ltr'>de</span> <span class='ocrx_word' id='word_1_295' title='bbox 377 3130 485 3175; x_wconf 90' lang='lat' dir='ltr'>cleri</span> <span class='ocrx_word' id='word_1_296' title='bbox 521 3130 794 3173; x_wconf 85' lang='lat' dir='ltr'>consessione</span> <span class='ocrx_word' id='word_1_297' title='bbox 817 3131 862 3173; x_wconf 88' lang='lat' dir='ltr'>et</span> <span class='ocrx_word' id='word_1_298' title='bbox 884 3129 1146 3173; x_wconf 86' lang='lat' dir='ltr'>confessoris</span> <span class='ocrx_word' id='word_1_299' title='bbox 1182 3129 1401 3174; x_wconf 88' lang='lat' dir='ltr'>modestia</span> <span class='ocrx_word' id='word_1_300' title='bbox 1424 3146 1475 3187; x_wconf 84' lang='grc' dir='ltr'>φ,</span> <span class='ocrx_word' id='word_1_301' title='bbox 1512 3129 1583 3174; x_wconf 89' lang='lat' dir='ltr'>Ad</span> <span class='ocrx_word' id='word_1_302' title='bbox 1604 3130 1778 3174; x_wconf 89' lang='lat' dir='ltr'>eosdem</span> <span class='ocrx_word' id='word_1_303' title='bbox 1799 3147 1830 3187; x_wconf 91' lang='grc' dir='ltr'>μ</span> <span class='ocrx_word' id='word_1_304' title='bbox 1853 3131 2191 3186; x_wconf 77' lang='lat' dir='ltr'>(praemittitur</span> 
     </span>
     <span class='ocr_line' id='line_1_34' title="bbox 294 3187 2189 3258; baseline 0.001 -13"><span class='ocrx_word' id='word_1_305' title='bbox 294 3203 424 3257; x_wconf 78' lang='lat' dir='ltr'>epist.</span> <span class='ocrx_word' id='word_1_306' title='bbox 456 3205 485 3245; x_wconf 90' lang='lat'><em>9</em></span> <span class='ocrx_word' id='word_1_307' title='bbox 516 3201 571 3245; x_wconf 88' lang='lat' dir='ltr'>ad</span> <span class='ocrx_word' id='word_1_308' title='bbox 599 3187 756 3258; x_wconf 60' lang='lat' dir='ltr'>prbffis</span> <span class='ocrx_word' id='word_1_309' title='bbox 792 3203 837 3245; x_wconf 88' lang='lat' dir='ltr'>et</span> <span class='ocrx_word' id='word_1_310' title='bbox 857 3200 1063 3245; x_wconf 84' lang='lat' dir='ltr'>diaconos</span> <span class='ocrx_word' id='word_1_311' title='bbox 1086 3201 1253 3244; x_wconf 86' lang='lat' dir='ltr'>Romae</span> <span class='ocrx_word' id='word_1_312' title='bbox 1288 3202 1617 3257; x_wconf 86' lang='lat' dir='ltr'>consistentes),</span> <span class='ocrx_word' id='word_1_313' title='bbox 1652 3216 1735 3246; x_wconf 88' lang='lat' dir='ltr'>om.</span> <span class='ocrx_word' id='word_1_314' title='bbox 1757 3216 1795 3247; x_wconf 81' lang='lat' dir='ltr'>r.</span> <span class='ocrx_word' id='word_1_315' title='bbox 1820 3227 1876 3235; x_wconf 95' lang='lat'>—</span> <span class='ocrx_word' id='word_1_316' title='bbox 1895 3204 1923 3246; x_wconf 85' lang='lat'>9</span> <span class='ocrx_word' id='word_1_317' title='bbox 1945 3203 2189 3247; x_wconf 89' lang='lat' dir='ltr'>consisten-</span> 
     </span>
     <span class='ocr_line' id='line_1_35' title="bbox 292 3272 2187 3331; baseline 0.001 -14"><span class='ocrx_word' id='word_1_318' title='bbox 292 3274 417 3318; x_wconf 90' lang='lat' dir='ltr'>tibus</span> <span class='ocrx_word' id='word_1_319' title='bbox 438 3273 675 3331; x_wconf 87' lang='lat' dir='ltr'>fratribus]</span> <span class='ocrx_word' id='word_1_320' title='bbox 699 3272 1023 3318; x_wconf 86' lang='lat' dir='ltr'>confessoribus</span> <span class='ocrx_word' id='word_1_321' title='bbox 1043 3286 1079 3326; x_wconf 81' lang='lat' dir='ltr'>z,</span> <span class='ocrx_word' id='word_1_322' title='bbox 1112 3273 1461 3317; x_wconf 88' lang='lat' dir='ltr'>consistentibus</span> <span class='ocrx_word' id='word_1_323' title='bbox 1489 3274 1533 3316; x_wconf 91' lang='lat' dir='ltr'><strong><em>V</em></strong></span> <span class='ocrx_word' id='word_1_324' title='bbox 1666 3274 1719 3318; x_wconf 92' lang='lat'>11</span> <span class='ocrx_word' id='word_1_325' title='bbox 1739 3276 1843 3331; x_wconf 89' lang='lat' dir='ltr'>post</span> <span class='ocrx_word' id='word_1_326' title='bbox 1864 3274 2009 3318; x_wconf 84' lang='lat' dir='ltr'>factas</span> <span class='ocrx_word' id='word_1_327' title='bbox 2031 3274 2087 3319; x_wconf 86' lang='lat' dir='ltr'>ad</span> <span class='ocrx_word' id='word_1_328' title='bbox 2107 3287 2187 3319; x_wconf 88' lang='lat' dir='ltr'>uos</span> 
     </span>
     <span class='ocr_line' id='line_1_36' title="bbox 290 3344 2187 3403; baseline 0.001 -14"><span class='ocrx_word' id='word_1_329' title='bbox 290 3346 473 3390; x_wconf 87' lang='lat' dir='ltr'>litteras</span> <span class='ocrx_word' id='word_1_330' title='bbox 490 3359 560 3403; x_wconf 65' lang='grc' dir='ltr'>μγ,</span> <span class='ocrx_word' id='word_1_331' title='bbox 583 3346 728 3390; x_wconf 84' lang='lat' dir='ltr'>factas</span> <span class='ocrx_word' id='word_1_332' title='bbox 751 3347 900 3389; x_wconf 91' lang='lat' dir='ltr'>autem</span> <span class='ocrx_word' id='word_1_333' title='bbox 922 3345 978 3389; x_wconf 90' lang='lat' dir='ltr'>ad</span> <span class='ocrx_word' id='word_1_334' title='bbox 999 3358 1077 3389; x_wconf 91' lang='lat' dir='ltr'>uos</span> <span class='ocrx_word' id='word_1_335' title='bbox 1098 3344 1279 3388; x_wconf 89' lang='lat' dir='ltr'>litteras</span> <span class='ocrx_word' id='word_1_336' title='bbox 1297 3346 1352 3401; x_wconf 86' lang='lat' dir='ltr'>Z,</span> <span class='ocrx_word' id='word_1_337' title='bbox 1374 3345 1520 3389; x_wconf 85' lang='lat' dir='ltr'>factas</span> <span class='ocrx_word' id='word_1_338' title='bbox 1541 3345 1722 3390; x_wconf 85' lang='lat' dir='ltr'>litteras</span> <span class='ocrx_word' id='word_1_339' title='bbox 1744 3345 1800 3390; x_wconf 86' lang='lat' dir='ltr'>ad</span> <span class='ocrx_word' id='word_1_340' title='bbox 1820 3359 1899 3390; x_wconf 91' lang='lat' dir='ltr'>uos</span> <span class='ocrx_word' id='word_1_341' title='bbox 1920 3359 1945 3391; x_wconf 75' lang='lat' dir='ltr'><em>z</em></span> <span class='ocrx_word' id='word_1_342' title='bbox 2060 3348 2187 3391; x_wconf 86' lang='lat' dir='ltr'>actus</span> 
     </span>
     <span class='ocr_line' id='line_1_37' title="bbox 294 3417 2188 3474; baseline 0.001 -14"><span class='ocrx_word' id='word_1_343' title='bbox 294 3429 376 3460; x_wconf 87' lang='lat' dir='ltr'>om.</span> <span class='ocrx_word' id='word_1_344' title='bbox 399 3430 424 3460; x_wconf 80' lang='lat' dir='ltr'>r</span> <span class='ocrx_word' id='word_1_345' title='bbox 571 3418 626 3461; x_wconf 81' lang='lat'>12</span> <span class='ocrx_word' id='word_1_346' title='bbox 649 3418 1055 3474; x_wconf 88' lang='lat' dir='ltr'>quantumcumque</span> <span class='ocrx_word' id='word_1_347' title='bbox 1078 3417 1192 3472; x_wconf 78' lang='grc' dir='ltr'>Ζμν,</span> <span class='ocrx_word' id='word_1_348' title='bbox 1215 3418 1435 3472; x_wconf 90' lang='lat' dir='ltr'>quantum</span> <span class='ocrx_word' id='word_1_349' title='bbox 1457 3417 1549 3461; x_wconf 86' lang='lat' dir='ltr'>iam</span> <span class='ocrx_word' id='word_1_350' title='bbox 1576 3430 1764 3474; x_wconf 90' lang='lat' dir='ltr'>cumque</span> <span class='ocrx_word' id='word_1_351' title='bbox 1783 3430 1820 3474; x_wconf 79' lang='lat' dir='ltr'>z,</span> <span class='ocrx_word' id='word_1_352' title='bbox 1843 3417 2188 3473; x_wconf 85' lang='lat' dir='ltr'>quantulacum-</span> 
     </span>
     <span class='ocr_line' id='line_1_38' title="bbox 292 3488 2129 3546; baseline 0.002 -16"><span class='ocrx_word' id='word_1_353' title='bbox 292 3500 380 3543; x_wconf 90' lang='lat' dir='ltr'>que</span> <span class='ocrx_word' id='word_1_354' title='bbox 400 3503 427 3533; x_wconf 86' lang='lat' dir='ltr'><em>v</em></span> <span class='ocrx_word' id='word_1_355' title='bbox 573 3489 628 3532; x_wconf 86' lang='lat'>13</span> <span class='ocrx_word' id='word_1_356' title='bbox 649 3488 921 3533; x_wconf 86' lang='lat' dir='ltr'>declaratest</span> <span class='ocrx_word' id='word_1_357' title='bbox 938 3490 1010 3533; x_wconf 73' lang='lat' dir='ltr'>‘Pr</span> <span class='ocrx_word' id='word_1_358' title='bbox 1145 3488 1240 3545; x_wconf 89' lang='lat' dir='ltr'>nec]</span> <span class='ocrx_word' id='word_1_359' title='bbox 1263 3502 1318 3532; x_wconf 93' lang='lat' dir='ltr'>ne</span> <span class='ocrx_word' id='word_1_360' title='bbox 1341 3504 1372 3545; x_wconf 90' lang='grc' dir='ltr'>μ</span> <span class='ocrx_word' id='word_1_361' title='bbox 1517 3488 1650 3545; x_wconf 89' lang='lat' dir='ltr'>ipsud</span> <span class='ocrx_word' id='word_1_362' title='bbox 1677 3490 1725 3543; x_wconf 82' lang='lat' dir='ltr'>T,</span> <span class='ocrx_word' id='word_1_363' title='bbox 1746 3488 1870 3533; x_wconf 90' lang='lat' dir='ltr'>istud</span> <span class='ocrx_word' id='word_1_364' title='bbox 1890 3490 1943 3546; x_wconf 86' lang='lat' dir='ltr'>Z,</span> <span class='ocrx_word' id='word_1_365' title='bbox 1966 3488 2084 3534; x_wconf 89' lang='lat' dir='ltr'>illud</span> <span class='ocrx_word' id='word_1_366' title='bbox 2102 3502 2129 3534; x_wconf 77' lang='lat' dir='ltr'><em>z</em></span> 
     </span>
     <span class='ocr_line' id='line_1_39' title="bbox 298 3559 1804 3617; baseline 0.002 -16"><span class='ocrx_word' id='word_1_367' title='bbox 298 3559 355 3602; x_wconf 87' lang='lat'>14</span> <span class='ocrx_word' id='word_1_368' title='bbox 375 3560 494 3616; x_wconf 84' lang='lat' dir='ltr'>nam]</span> <span class='ocrx_word' id='word_1_369' title='bbox 519 3573 604 3616; x_wconf 92' lang='lat' dir='ltr'>quo</span> <span class='ocrx_word' id='word_1_370' title='bbox 626 3574 730 3606; x_wconf 88' lang='lat' dir='ltr'>nam</span> <span class='ocrx_word' id='word_1_371' title='bbox 751 3561 791 3605; x_wconf 91' lang='lat' dir='ltr'><strong><em>Z</em></strong></span> <span class='ocrx_word' id='word_1_372' title='bbox 905 3562 951 3605; x_wconf 90' lang='lat' dir='ltr'>et</span> <span class='ocrx_word' id='word_1_373' title='bbox 972 3560 1081 3617; x_wconf 88' lang='lat' dir='ltr'>ipse]</span> <span class='ocrx_word' id='word_1_374' title='bbox 1103 3560 1199 3617; x_wconf 89' lang='lat' dir='ltr'>ipse</span> <span class='ocrx_word' id='word_1_375' title='bbox 1221 3573 1297 3617; x_wconf 63' lang='grc' dir='ltr'>μγ,</span> <span class='ocrx_word' id='word_1_376' title='bbox 1322 3561 1440 3604; x_wconf 88' lang='lat' dir='ltr'>esset</span> <span class='ocrx_word' id='word_1_377' title='bbox 1461 3560 1501 3604; x_wconf 95' lang='lat' dir='ltr'><em>Z</em></span> <span class='ocrx_word' id='word_1_378' title='bbox 1615 3560 1683 3617; x_wconf 87' lang='lat' dir='ltr'>de]</span> <span class='ocrx_word' id='word_1_379' title='bbox 1708 3573 1758 3605; x_wconf 86' lang='lat' dir='ltr'>ex</span> <span class='ocrx_word' id='word_1_380' title='bbox 1778 3573 1804 3604; x_wconf 72' lang='lat' dir='ltr'><em>z</em></span> 
     </span>
    </p>
   </div>
  </div>
 </body>
</html>
