2332 3978
24 0 161 14 ······

294 311 365 365 36
959 306 1207 352 Caecilii
1238 305 1513 363 Cypriani

293 453 585 518 funderem,
614 452 703 506 sed
730 453 981 520 quantum
1006 450 1278 505 mediocris
1304 450 1555 503 memoria
1580 451 1905 520 suggerebat,
1934 453 2191 522 excerptis

293 540 535 610 capitulis
581 540 632 592 et
683 540 890 593 adnexis
934 539 1220 592 necessaria
1247 553 1476 606 quaeque
1512 538 1832 607 colligerem,
1874 539 2060 607 quibus
2087 555 2186 593 non

291 627 401 680 tam
426 627 670 680 tractasse
716 642 871 694 quam
907 624 1250 678 tractantibus
1277 623 1551 678 materiam
1576 624 1871 692 praebuisse
1897 625 2183 679 uideamur.

293 713 383 765 sed
408 713 459 765 et
483 712 774 782 legentibus
802 712 1029 764 breuitas
1056 710 1310 764 eiusmodi
1334 710 1622 778 plurimum
1647 712 1879 778 prodest,
1921 712 2047 764 dum
2083 726 2184 765 non

291 799 614 852 intellectum
656 799 876 868 legentis
922 798 973 850 et
1017 812 1224 849 sensum
1249 797 1383 850 liber
1408 797 1611 867 longior
1637 798 1858 867 spargit,
1899 798 1987 852 sed
2014 798 2181 851 subti-

291 885 416 939 liore
466 885 743 954 conpendio
792 883 848 936 id
886 883 1021 951 quod
1058 883 1254 952 legitur
1290 884 1442 936 tenax
1477 883 1727 937 memoria
1763 883 2005 938 custodit.
2062 899 2183 938 con-

290 972 468 1040 plexus
507 988 622 1024 sum
659 985 779 1024 uero
816 969 1021 1022 libellos
1060 969 1186 1022 duos
1223 969 1336 1036 pari
1381 970 1631 1037 qualitate
1665 970 1982 1024 moderatos:
2021 987 2184 1024 unum

291 1073 389 1125 quo
417 1057 679 1110 ostendere
705 1056 833 1109 enisi
860 1071 1062 1120 sumus,
1105 1055 1320 1109 Iudaeos
1359 1056 1641 1108 secundum
1681 1071 1809 1123 quae
1835 1055 2039 1110 fuerant
2064 1057 2182 1109 ante

289 1144 551 1211 praedicta
585 1159 614 1195 a
648 1144 756 1196 Deo
800 1142 1066 1196 recessisse
1110 1143 1162 1195 et
1207 1141 1588 1210 indulgentiam
1625 1141 1868 1207 Domini,
1918 1159 2046 1210 quae
2083 1143 2181 1196 sibi

291 1231 341 1283 et
360 1230 560 1298 pridem
587 1230 707 1282 data
732 1230 783 1283 et
808 1229 861 1282 in
881 1230 1146 1297 posterum
1167 1228 1417 1296 promissa
1442 1228 1626 1292 fuerat,
1655 1229 1954 1297 perdidisse,
1984 1245 2182 1282 succes·
2201 1244 2251 1275 10-

290 1317 414 1369 sisse
440 1331 559 1369 uero
585 1316 639 1368 in
665 1331 841 1368 eorum
866 1316 1038 1368 locum
1065 1314 1383 1368 Christianos
1403 1314 1504 1367 fide
1524 1315 1807 1367 Dominum
1834 1316 2181 1383 promerentes

289 1404 340 1454 et
378 1404 438 1455 de
478 1402 715 1455 omnibus
741 1402 982 1470 gentibus
1022 1418 1080 1454 ac
1119 1403 1180 1454 de
1219 1401 1328 1453 toto
1355 1401 1475 1454 orbe
1501 1400 1779 1455 uenientes,
1818 1401 1946 1454 item
1972 1402 2181 1455 libellus

288 1490 420 1542 alius
448 1490 675 1542 continet
702 1488 894 1541 Christi
922 1489 1326 1552 sacramentum,
1367 1487 1503 1555 quod
1527 1487 1667 1540 idem
1693 1488 1920 1557 uenerit,
1963 1488 2052 1555 qui
2098 1505 2178 1541 se—

289 1577 511 1629 cundum
538 1576 817 1643 scripturas
845 1575 1182 1628 adnuntiatus
1210 1575 1312 1639 est,
1356 1576 1407 1627 et
1435 1575 1652 1643 gesserit
1678 1590 1737 1627 ac
1761 1574 2033 1641 perfecerit
2058 1575 2175 1627 uni-

287 1679 457 1727 uersa,
500 1662 685 1729 quibus
711 1662 944 1730 intellegi
970 1662 1021 1714 et
1047 1662 1281 1730 cognosci
1306 1676 1453 1728 posse
1479 1661 1771 1727 praedictus
1798 1662 1901 1714 est:
1950 1677 2077 1728 quae
2104 1662 2178 1713 le·
2197 1679 2237 1710 15

287 1750 430 1819 genti
474 1748 684 1801 interim
728 1748 925 1815 prosint
970 1749 1034 1800 ad
1062 1748 1231 1816 prima
1255 1747 1376 1800 fidei
1401 1747 1706 1800 liniamenta
1731 1746 2020 1800 formanda.
2061 1747 2177 1815 plus

287 1835 481 1889 roboris
533 1834 632 1887 tibi
687 1834 894 1887 dabitur
948 1836 999 1887 et
1058 1834 1226 1902 magis
1306 1849 1364 1886 ac
1426 1834 1596 1903 magis
1666 1833 1962 1886 intellectus
2014 1833 2179 1886 cordis

288 1921 583 1989 operabitur
611 1921 865 1974 scrutanti
893 1921 1174 1989 scripturas
1195 1922 1397 1974 ueteres
1425 1936 1484 1974 ac
1520 1935 1681 1973 nouas
1723 1920 1925 1988 plenius
1967 1920 2018 1973 et
2056 1920 2175 1972 uni-

287 2024 435 2061 uersa
479 2008 731 2060 librorum
767 2008 1085 2076 spiritalium
1116 2008 1382 2060 uolumina
1427 2006 1728 2076 perlegenti.
1769 2023 1889 2060 nam
1916 2021 2007 2060 nos
2037 2023 2179 2060 nunc

288 2094 349 2147 de
376 2094 564 2146 diuinis
592 2094 820 2147 fontibus
854 2094 1170 2162 inpleuimus
1208 2093 1472 2146 modicum
1511 2094 1645 2160 quod
1682 2093 1792 2161 tibij
1817 2093 2029 2146 interim
2055 2093 2246 2145 mit-20-

285 2182 524 2234 teremus
577 2181 750 2233 bibere
789 2181 997 2234 uberius
1037 2182 1088 2233 et
1127 2180 1349 2233 saturari
1376 2181 1628 2248 copiosius
1655 2173 1863 2247 poteris,
1892 2179 1935 2231 si
1963 2180 2022 2231 tu
2049 2194 2176 2246 quo-

288 2283 383 2334 que
411 2268 476 2320 ad
504 2268 709 2320 eosdem
731 2267 938 2321 diuinae
962 2268 1303 2335 plenitudinis
1332 2267 1499 2320 fontes
1527 2267 1796 2319 nobiscum
1811 2266 2005 2333 pariter
2028 2266 2176 2332 pota-

285 2355 433 2406 turus
479 2355 761 2407 accesseris
804 2355 920 2422 opto
958 2356 1009 2408 te
1031 2396 1043 2419 ,
1085 2355 1159 2406 fili
1204 2354 1488 2418 carissime,
1540 2369 1740 2421 semper
1776 2353 1902 2405 bene
1930 2352 2116 2405 ualere.

2224 817 2252 848 V'

376 2526 402 2571 1
436 2526 699 2582 sucgerebat
733 2526 777 2569 L
910 2526 1104 2583 exceptis
1125 2526 1233 2569 LM
1335 2526 1365 2571 2
1399 2538 1568 2581 queque
1599 2523 1642 2566 A
1749 2524 1780 2569 4
1811 2524 2016 2580 prodeest
2053 2523 2098 2566 A

286 2599 316 2646 5
348 2600 578 2654 spargeret
606 2599 648 2643 V
751 2599 1000 2654 subtiliore]
1024 2599 1206 2642 utiliore
1235 2599 1275 2643 V
1381 2598 1408 2643 6
1442 2597 1687 2641 custodiret
1716 2596 1761 2639 A
1898 2596 1926 2641 7
1960 2595 2181 2651 qualitate

286 2671 374 2713 AL
385 2672 433 2723 V,
458 2671 730 2726 aequalitate
752 2672 808 2723 Β,
833 2672 1124 2727 equalitatem
1145 2671 1206 2714 M
1291 2670 1320 2716 8
1354 2670 1490 2714 eni*si
1512 2670 1588 2722 M,
1621 2668 1712 2712 nisi
1730 2668 1820 2711 LB
1909 2667 2051 2710 simus
2072 2680 2097 2710 v

287 2742 418 2785 enisi.
441 2776 447 2782 .
469 2742 725 2786 seeundum
743 2756 823 2786 om.
843 2744 887 2786 A
968 2744 1095 2798 quae]
1119 2756 1202 2798 que
1219 2743 1287 2795 M,
1312 2755 1453 2797 neque
1474 2742 1519 2784 A
1602 2741 1664 2787 10
1685 2742 1730 2783 ct
1740 2740 1844 2794 AL,
1868 2739 1958 2782 iam
1970 2739 2099 2782 MBv

286 2814 437 2857 datam
461 2814 504 2856 L
610 2814 790 2857 fuerant
810 2815 871 2857 M
976 2815 1034 2860 11
1068 2815 1161 2858 loco
1184 2828 1240 2859 eoe
1260 2814 1359 2857 locu
1380 2814 1425 2856 A
1445 2828 1499 2857 m.
1524 2817 1552 2856 2
1660 2812 1792 2855 fidem
1812 2812 1873 2854 M
1957 2810 2185 2853 dominum

286 2886 350 2937 A,
386 2886 465 2928 dni
488 2886 598 2938 LB,
632 2887 705 2930 ‹hn
727 2887 788 2929 M
803 2901 847 2930 m
881 2888 934 2931 in
970 2901 1140 2931 rasura
1275 2886 1337 2932 14
1369 2887 1456 2942 est]
1493 2887 1610 2929 esset
1630 2886 1692 2928 M
1807 2885 1866 2932 15
1899 2896 2024 2940 posse
2062 2895 2184 2938 prae-

286 2957 429 3001 dictus
453 2959 534 3014 est]
567 2960 736 3014 potest,
769 2959 883 3014 quod
904 2959 998 3015 ipse
1021 2959 1101 3010 sit,
1136 2959 1212 3015 qui
1232 2958 1486 3014 praedictus
1509 2959 1577 3001 est
1597 2972 1623 3002 v
1739 2957 1910 3013 legenti
1932 2956 1991 3012 A,
2014 2956 2185 3011 legenti

286 3030 373 3073 tibi
394 3031 450 3082 B,
493 3031 746 3086 legentibus
770 3031 871 3073 LM
879 3032 922 3075 V
1027 3032 1086 3077 16
1110 3031 1283 3087 prosint
1314 3032 1380 3082 B,
1417 3031 1603 3086 prosunt
1623 3029 1775 3073 ALM
1872 3028 2099 3084 primaeA

286 3102 558 3145 lineamenta
580 3103 727 3144 LMB
838 3103 897 3148 17
929 3103 1114 3158 roboris]
1154 3103 1321 3146 laboris
1351 3103 1396 3146 A
1504 3102 1591 3145 tibi
1628 3115 1709 3145 om.
1743 3101 1786 3144 L
1887 3099 1947 3145 18
1982 3101 2182 3143 scrutan-

286 3174 347 3215 tis
366 3173 410 3215 B
517 3175 562 3215 et
583 3188 663 3216 om.
685 3174 729 3216 Β
817 3174 882 3219 20
912 3174 1135 3217 &ontibus
1157 3175 1202 3217 A
1291 3174 1560 3230 inplebimus
1582 3174 1627 3217 A
1737 3174 1798 3219 21
1834 3173 2034 3244 saQare
2056 3171 2100 3214 L

287 3252 349 3296 22
382 3253 615 3307 potaturus
657 3252 767 3295 BL²
791 3287 800 3305 ,
844 3252 1072 3309 potiturus
1113 3254 1186 3306 A,
1237 3256 1423 3309 poturus
1459 3253 1581 3296 ML¹
1770 3253 1832 3298 23
1862 3252 1963 3295 kme
1999 3250 2102 3294 ΜΒ

286 3326 436 3379 opto..
457 3323 625 3366 .ualerc
662 3337 743 3367 om.
776 3324 868 3368 AL
1000 3326 1183 3382 explicit
1219 3325 1438 3382 praefatio
1480 3326 1643 3382 incipit
1686 3325 1870 3390 libellus
1913 3323 2085 3380 primus
2114 3323 2185 3376 M,

287 3395 467 3450 explicit
491 3395 686 3451 epistula
721 3396 884 3453 incipit
920 3403 998 3454 cap
1034 3398 1142 3442 libri
1178 3398 1314 3454 primi
1336 3398 1395 3455 B,
1434 3410 1659 3443 LIBnnnvs
1680 3409 1858 3440 PRIMVS
1891 3396 1949 3449 A,
1984 3395 2191 3451 inscrip-

287 3466 454 3510 tionem
471 3481 551 3511 om.
580 3467 623 3511 L

1064 3622 1403 3630 ——-———-———
