2332 3978
664 252 964 310 Epistulae
994 252 1197 298 LVIII.
1227 267 1264 298 6.
1294 254 1422 299 2-4.
1876 254 1985 310 659

12 179 54 470 *wne-22„

68 216 70 219 -
62 91 66 93 '
60 83 62 85 v
66 42 73 66 *xx
70 20 72 22 ⁴

104 386 299 456 primus
336 383 683 438 ambulauerit
714 383 968 437 Dominus
1002 381 1320 436 humilitatis
1355 383 1407 436 et
1440 383 1746 437 tolerantiae
1780 383 1834 437 et
1864 398 1987 452 pas·-

103 469 260 531 sionis
306 468 568 537 magister,
618 469 679 522 ut
715 467 852 536 quod
894 467 1006 522 fieri
1042 467 1219 521 docuit
1255 467 1396 536 prior
1431 468 1620 522 faceret
1655 469 1709 522 et
1744 468 1836 536 qui
1871 469 1983 536 pati

99 555 337 610 hortatur
374 553 514 621 prior
547 568 638 621 pro
675 553 823 621 nobis
858 553 967 621 ipse
1003 553 1280 620 pateretur.
1320 552 1391 606 sit
1415 553 1535 607 ante
1559 554 1749 620 oculos,
1790 553 1987 610 fratres*

106 639 446 703 dilectissimi,
485 639 620 707 quod
638 633 646 643 ”
657 640 747 707 qui
783 655 934 693 omne
973 638 1227 693 iudicium
1262 654 1294 692 a
1330 638 1475 706 patre
1513 640 1651 693 solus
1691 640 1888 708 accepit
1927 641 1980 693 et

27 771 30 774 .
66 745 93 779 ⁵1
104 726 191 794 qui
228 726 474 779 uenturus
511 727 590 779 est
626 725 963 790 iudicaturus,
1002 726 1109 778 iam
1144 725 1325 778 iudicii
1362 725 1442 778 sui
1478 725 1530 777 et
1564 727 1871 794 cognitionis
1897 726 1983 779 fu-

102 812 247 867 turae
283 811 591 865 sententiam
627 811 905 879 protulerit
940 810 1311 879 praenuntians
1350 811 1402 864 et
1445 811 1738 885 contestans
1784 811 1980 865 confes—

99 913 276 956 surum
313 912 366 950 se
405 912 574 952 coram
610 899 756 965 patre
803 913 894 952 6110
943 897 1242 951 confitentes
1281 897 1334 950 et
1369 897 1679 967 negaturum
1718 899 1980 967 negantes.

11 976 35 1054 ξ
101 983 145 1037 61
180 983 401 1036 mortem
426 997 690 1052 possemus
715 984 944 1048 euadere,
984 983 1170 1037 merito
1195 983 1328 1036 mori
1354 983 1675 1037 timeremus.
1713 998 1863 1051 porro
1888 1000 1982 1037 au-

99 1070 207 1123 tem
245 1085 364 1122 cum
400 1069 673 1123 mortalem
710 1070 843 1124 mori
879 1085 1086 1123 necesse
1122 1070 1208 1135 sit,
1248 1069 1627 1138 amplectamur
1664 1070 1981 1124 occasionem

4 1120 90 1242 ἕω
105 1154 166 1208 de
213 1154 392 1208 diuina
436 1155 773 1223 promissione
822 1156 875 1209 et
922 1155 1222 1224 dignatione
1269 1155 1565 1209 uenientem
1614 1156 1666 1209 et
1703 1155 1980 1225 fungamur

4 1230 35 1345 Ξ
99 1239 292 1294 exitum
330 1240 514 1294 mortis
552 1256 669 1294 cum
703 1241 934 1308 praemio
959 1241 1356 1295 inmortalitatis
1383 1258 1476 1295 1166
1501 1257 1771 1296 uereamur
1796 1241 1978 1307 occidi,

0 1318 43 1401 ji
98 1340 222 1393 quos
260 1326 460 1379 constet
497 1327 698 1394 quando
737 1327 1021 1381 occidimur
1059 1326 1302 1382 coronari.

24 1400 31 1471 f
165 1410 273 1464 Nec
319 1412 618 1480 quisquam,
666 1413 853 1466 fratres
891 1413 1250 1477 dilectissimi,
1300 1428 1419 1466 cum
1455 1414 1706 1480 populum
1743 1414 1979 1466 nostrum
1997 1414 2028 1465 4

10 1529 33 1542 -
96 1494 268 1566 fugari
294 1499 610 1565 conspexerit
635 1500 781 1552 metu
805 1499 1172 1566 persecutionis
1198 1499 1250 1552 et
1270 1499 1445 1567 spargi
1466 1499 1814 1564 conturbetur,
1844 1499 1979 1567 quod

3 1587 85 1645 ³31⁶
96 1582 363 1637 collectam
402 1584 782 1638 fraternitatem
818 1599 918 1637 non
954 1584 1130 1638 uideat
1166 1599 1259 1638 1166
1293 1585 1575 1639 tractantes
1600 1585 1860 1653 episcopos
1887 1602 1979 1638 au-

96 1668 221 1722 diat.
262 1669 421 1723 simul
457 1660 583 1723 tunc
620 1685 796 1723 omnes
827 1686 944 1726 ,esse
980 1685 1081 1723 non
1117 1671 1348 1738 possunt,
1389 1670 1575 1738 quibus
1615 1671 1841 1724 occidere
1879 1686 1978 1724 non

94 1754 233 1824 licet,
270 1755 359 1808 sed
393 1755 554 1810 occidi
589 1771 794 1809 necesse
821 1757 914 1810 est.
942 1756 1251 1824 ubicumque
1276 1757 1331 1809 in
1356 1757 1464 1826 illis
1491 1756 1672 1810 diebus
1700 1757 1979 1824 unusquis-

6 1833 29 1898 j
94 1857 192 1910 que
238 1841 461 1895 fratrum
516 1843 674 1896 fuerit
720 1859 749 1896 a
801 1859 959 1912 grege
1005 1843 1218 1896 interim
1266 1859 1324 1896 ac
1372 1844 1678 1897 necessitate
1727 1844 1978 1912 temporis

94 1941 300 1996 corpore
347 1943 449 1981 non
496 1929 684 1996 spiritu
732 1931 1020 1997 separatus,
1070 1944 1170 1982 non
1216 1931 1486 1982 moueatur
1538 1931 1603 1983 ad
1641 1930 1794 1999 fugae
1832 1930 1978 1982 illius

6 2016 18 2078 ’1,
35 2012 360 2068 6011011016111
397 2029 489 2067 1166
524 2014 763 2068 recedens
790 2017 842 2067 et
867 2015 1032 2068 latens
1059 2015 1248 2068 deserti
1274 2016 1373 2068 loci
1400 2016 1677 2069 solitudine
1702 2018 1974 2070 terreatur.

12 2111 32 2174 j.
95 2098 235 2152 solus
282 2114 384 2152 non
430 2101 509 2153 est
545 2100 628 2152 6111
665 2099 900 2154 Christus
938 2101 988 2154 in
1029 2102 1155 2170 fuga
1201 2117 1370 2155 comes
1409 2102 1504 2154 est.
1559 2102 1697 2154 solus
1746 2119 1847 2155 non
1896 2104 1976 2156 est

11 2186 29 2236 :j
97 2180 185 2251 qui
222 2185 473 2252 templum
515 2186 612 2238 Dei
650 2202 858 2239 seruans
896 2187 1206 2255 ubicumque
1243 2187 1403 2240 fuerit
1453 2189 1560 2240 sine
1596 2189 1705 2241 Deo
1743 2203 1843 2241 non
1882 2190 1974 2241 est.

11 2261 28 2299 ·’
93 2271 146 2324 et
181 2271 226 2324 si
263 2271 549 2340 fugientem
586 2272 640 2324 in
667 2273 947 2326 solitudine
974 2289 1030 2326 66
1056 2273 1319 2326 montibus
1343 2274 1478 2326 latro
1504 2275 1828 2340 oppresserit,
1869 2274 1978 2327 fera

0 2343 23 2439 {²3
95 2356 372 2421 inuaserit,
420 2356 582 2411 fames
621 2360 711 2411 aut
749 2359 866 2412 sitis
904 2360 996 2412 aut
1033 2359 1200 2428 frigus
1239 2360 1519 2425 adflixerit,
1562 2360 1646 2412 uel
1682 2375 1772 2427 per
1811 2360 1978 2414 maria

0 2433 366 2531 Ξ65Ρ16661111131
402 2445 733 2512 nauigatione
781 2447 1138 2512 properantem
1177 2446 1458 2514 tempestas
1496 2462 1555 2499 66
1592 2446 1815 2513 procella
1852 2447 1975 2499 61116-

96 2529 347 2592 merserit,
385 2531 584 2596 spectat
620 2530 846 2583 militem
883 2546 1035 2583 suum
1063 2530 1295 2584 Christus
1322 2532 1632 2599 ubicumque
1657 2533 1978 2601 pugnantem

0 2565 24 2784 Ξ,
92 2615 144 2667 et
193 2615 564 2681 persecutionis
620 2632 775 2669 causa
813 2632 903 2685 pro
942 2617 1166 2670 nominis
1205 2618 1286 2669 sui
1323 2619 1511 2671 honore
1548 2619 1789 2672 morienti
1825 2635 1977 2687 prae-

0 2779 23 2852 i}
184 2805 209 2848 1
230 2806 447 2861 passionis
470 2806 604 2849 huius
630 2806 667 2863 Q
828 2808 856 2850 2
877 2807 1007 2865 quod]
1032 2808 1139 2864 quid
1161 2809 1206 2854 R
1366 2809 1458 2866 qui]
1484 2809 1599 2865 quod
1620 2825 1646 2855 v
1806 2811 1834 2854 3
1854 2811 1976 2867 prior

95 2890 177 2920 om.
202 2878 247 2921 B
361 2878 522 2935 oculos]
546 2880 718 2922 uestros
739 2878 846 2922 add.
871 2880 943 2923 Bv
1059 2881 1087 2923 8
1107 2880 1233 2937 111011]
1257 2882 1443 2924 mortem
1459 2881 1504 2924 B
1620 2882 1646 2925 9
1667 2882 1855 2926 mortale
1872 2883 1918 2927 R

92 2948 399 2992 occansionem
424 2949 461 3006 Q
586 2950 642 2995 10
662 2950 952 3005 promissione
973 2953 1018 2995 et
1039 2965 1118 2996 om.
1143 2952 1187 2996 R
1302 2952 1355 2995 de
1376 2952 1448 2995 dei
1469 2953 1727 3009 dignatione
1755 2954 1799 2998 V
1910 2955 1974 3011 et]

93 3019 146 3061 ut
166 3019 212 3062 B
327 3020 380 3063 11
411 3020 534 3064 exitu
556 3021 628 3065 Bv
745 3022 799 3065 12
824 3024 1003 3066 constat
1022 3037 1049 3067 v
1165 3024 1222 3067 14
1240 3025 1409 3067 metum
1437 3023 1475 3080 Q
1590 3024 1646 3067 15
1668 3025 1856 3068 audiant
1880 3025 1918 3083 Q

99 3090 155 3133 18
175 3103 300 3147 crege
317 3091 361 3135 R
477 3105 528 3136 ac
547 3093 603 3145 P,
624 3106 650 3136 a
672 3092 721 3150 Q,
745 3107 826 3137 om.
850 3094 970 3139 BRv
1088 3095 1142 3139 19
1164 3096 1410 3152 separatus]
1434 3097 1694 3152 segregatus
1713 3097 1757 3139 B
1875 3110 1900 3139 a
1916 3097 1972 3141 M

94 3161 167 3215 (ad
198 3161 251 3219 Q)
375 3163 432 3207 20
450 3164 630 3207 horrore
649 3165 711 3208 M
727 3165 967 3221 (horrorem
996 3166 1050 3223 Q)
1166 3180 1245 3211 nec
1267 3180 1322 3211 esc
1342 3181 1430 3210 non
1460 3166 1496 3223 Q
1517 3167 1614 3222 (nec
1636 3168 1709 3222 M)
1828 3167 1974 3211 deser-

93 3231 157 3275 tis
175 3233 285 3276 locis
307 3233 353 3277 B
523 3234 579 3278 22
600 3237 750 3279 seruat
769 3236 815 3280 B
985 3238 1089 3294 non]
1119 3240 1272 3282 nostro
1295 3239 1340 3283 R
1513 3239 1569 3281 23
1590 3238 1791 3294 fugiente
1813 3239 1859 3283 R

93 3303 379 3349 solitudinem
410 3305 502 3350 BR
671 3307 730 3351 24
759 3307 892 3352 famis
922 3309 1056 3366 BPQ
1168 3363 1169 3366 Ἰ
1229 3312 1307 3353 aut
1338 3323 1393 3353 eoe
1424 3311 1476 3352 ut
1504 3309 1541 3366 Q
1714 3309 1795 3352 siti
1815 3310 1860 3354 R

91 3375 149 3420 25
172 3376 391 3432 praecipit
411 3376 470 3430 B,
505 3379 730 3434 praecepti
757 3379 815 3436 Q¹
852 3381 1113 3437 (praecepiti
1133 3382 1227 3437 111¹)
1362 3429 1363 3436 ¹
1401 3381 1658 3437 properanti
1683 3381 1721 3438 Q
1750 3381 1767 3423 i
1796 3382 1851 3425 in
1879 3395 1974 3427 ras.

94 3447 419 3503 (properantem
439 3449 514 3505 M)
674 3450 731 3494 26
752 3453 926 3507 spectat
945 3452 1051 3506 RV,
1075 3454 1276 3509 expectat
1298 3451 1434 3509 BPQ
1591 3452 1647 3495 27
1669 3465 1851 3496 causam
1871 3453 1917 3498 R

91 3530 169 3573 pro
189 3531 271 3562 om.
295 3519 339 3563 R
453 3520 664 3564 honorem
684 3521 730 3567 R

0 2990 22 3139 'wa
0 2838 23 2987 m

0 3347 2 3351 ’
0 3264 18 3342 ³53>
0 3171 22 3270 ,ζμ-’κως

1503 3595 1627 3648 42*
