2332 3978
340 275 446 329 636
872 252 875 254 .
994 274 1242 320 Caecilii
1286 240 1556 334 Cypriani

339 404 531 457 armari
567 421 669 459 non
705 405 912 474 poterit,
953 405 998 459 si
1033 406 1148 474 quis
1185 407 1537 474 desperatione
1575 406 1792 472 deficiat,
1832 408 1878 461 si
1911 407 1974 460 ab
2012 408 2281 474 ecclesia*

339 489 466 543 dure
504 491 556 544 et
595 491 879 547 crudeliter,
915 493 1215 562 segregatus
1253 492 1319 546 ad
1356 493 1576 562 gentiles
1614 507 1667 546 se
1704 492 1816 549 uias
1854 495 1906 547 et
1943 495 2232 557 saecularia
2274 526 2280 531 <

339 591 490 643 opera
534 578 800 630 conuertat
845 578 931 630 uel
973 578 1039 631 ad
1084 578 1368 631 haereticos
1413 579 1464 630 et
1502 578 1857 632 schismaticos
1904 579 2124 634 reiectus
2163 581 2227 634 ab

338 662 552 715 ecclesia
570 663 816 729 transeat,
843 663 934 716 ubi
955 665 1052 717 etsi
1073 664 1267 717 occisus
1293 665 1499 731 propter
1517 680 1701 717 nomen
1721 666 2047 733 postmodum
2071 665 2228 720 fuerit
2280 671 2293 691 ²

339 749 484 801 extra
519 749 788 802 ecclesiam
814 751 1129 803 constitutus
1156 751 1208 803 et
1233 750 1297 803 ab
1325 751 1526 803 unitate
1551 750 1715 818 adque
1736 767 1766 804 a
1786 752 2002 805 caritate
2027 752 2226 806 diuisus
2241 739 2299 802 ⁵ss

343 834 571 887 coronari
606 835 660 888 in
695 837 860 889 morte
903 852 1002 889 non
1039 837 1231 904 poterit
1267 855 1359 888 —z
1406 838 1458 889 et
1495 836 1608 890 ideo
1646 837 1842 904 placuit
1880 837 2038 890 frater
2073 837 2230 891 caris·
2291 868 2302 904 3

340 919 486 984 sime,
522 922 825 975 examinatis
862 923 1030 975 causis
1067 922 1391 992 singulorum
1427 922 1738 976 libellaticos
1765 923 1976 976 interim
2000 923 2227 989 admitti,
2292 918 2299 925 ’

338 1007 636 1061 sacrificatis
657 1008 710 1060 in
732 1009 872 1061 exitu
900 1009 1180 1073 subueniri,
1209 1009 1330 1076 quia
1355 1009 1722 1078 exomologesis
1749 1010 1885 1076 apud
1910 1010 2099 1063 inferos
2124 1026 2224 1063 non
2304 1016 2306 1019 ’

338 1094 416 1146 est
451 1111 543 1146 nec
580 1094 644 1146 ad
678 1095 1048 1161 paenitentiam
1085 1095 1199 1162 quis
1226 1111 1256 1147 a
1281 1095 1428 1148 nobis
1465 1095 1686 1162 conpelli
1722 1097 1905 1162 potest,
1953 1096 1998 1149 si
2024 1096 2224 1149 fructus
2311 1138 2313 1141 .

336 1171 684 1246 paenitentiae
711 1181 1060 1233 subtrahatur.
1090 1181 1134 1233 si
1160 1181 1418 1249 proelium
1444 1182 1586 1249 prius
1613 1182 1828 1251 uenerit,
1869 1183 2223 1236 corroboratus
2241 1201 2283 1233 lo
2316 1235 2317 1238 ,

336 1281 366 1316 a
391 1265 537 1317 nobis
563 1267 859 1318 inuenietur
887 1268 1169 1335 [armatus]
1199 1268 1263 1320 ad
1289 1268 1569 1334 proelium:
1611 1268 1655 1320 si
1682 1284 1800 1321 uero
1828 1270 1947 1321 ante
1972 1269 2227 1335 proelium
2310 1255 2315 1310 ἶ

336 1351 609 1405 infirmitas
637 1354 838 1417 urserit,
869 1369 985 1406 011111
1012 1354 1197 1425 solacio
1223 1354 1363 1420 pacis
1392 1355 1444 1406 et
1475 1354 1953 1407 communicationis
1980 1355 2226 1407 abscedit.

256 1441 317 1492 18
407 1438 584 1505 Neque
623 1440 761 1491 enim
798 1441 1210 1507 praeiudicamus
1248 1440 1471 1493 Domino
1509 1441 1797 1493 iudicaturo
1837 1456 1934 1508 quo
1973 1441 2145 1494 minus
2184 1442 2227 1493 si

335 1526 707 1592 paenitentiam
744 1526 949 1594 plenam
977 1528 1028 1579 et
1054 1527 1243 1579 iustam
1272 1527 1556 1594 peccatoris
1582 1528 1851 1595 inuenerit,
1892 1528 2014 1580 tunc
2050 1529 2226 1580 ratum

334 1611 492 1664 faciat
519 1614 653 1678 quod
680 1629 708 1665 a
732 1613 876 1665 nobis
903 1612 1061 1665 fuerit
1086 1613 1170 1666 1110
1196 1614 1467 1666 statutum.
1497 1614 1540 1665 si
1566 1630 1686 1667 uero
1713 1628 1804 1666 1103
1832 1614 2019 1681 aliquis
2046 1615 2223 1681 paeni·
2242 1633 2284 1664 15
2320 1599 2332 1671 ξ

339 1699 533 1751 tentiae
585 1698 916 1751 simulatione
961 1699 1223 1763 deluserit,
1276 1700 1415 1752 Deus
1463 1701 1551 1767 qui
1595 1715 1695 1752 non
1739 1700 2000 1752 deridetur
2045 1701 2096 1752 et
2139 1701 2227 1767 qui

336 1800 421 1836 001
458 1785 680 1837 hominis
717 1785 950 1838 intuetur
991 1786 1052 1838 de
1088 1785 1170 1837 his
1206 1802 1334 1853 quae
1369 1801 1459 1838 nos
1493 1787 1663 1839 minus
1699 1786 2051 1853 perspeximus
2088 1787 2227 1839 iudi-

336 1872 416 1922 cet
453 1872 504 1922 et
541 1886 804 1923 seruorum
841 1872 1152 1924 sententiam
1179 1872 1430 1925 Dominus
1471 1873 1720 1937 emendet,
1763 1873 1884 1924 dum
1925 1874 2099 1925 tamen
2136 1888 2226 1925 nos

335 1958 648 2021 meminisse,
686 1958 857 2021 frater,
887 1959 1132 2010 debemus
1160 1959 1410 2025 scriptum
1439 1975 1561 2012 esse.
1592 1958 1805 2012 frater
1830 1958 2097 2011 fratrem
2125 1960 2225 2011 ad-

334 2043 567 2096 iuuans
607 2044 1041 2107 exaltabitur,
1083 2045 1134 2096 et
1170 2045 1461 2111 apostolum
1497 2060 1694 2112 quoque
1731 2044 1940 2096 dixisse:
1981 2046 2046 2097 in
2084 2061 2281 2098 con-20

333 2130 774 2197 templatione
799 2130 1110 2182 habentes
1136 2131 1605 2198 unusquisque,
1635 2148 1704 2184 ne
1732 2134 1790 2184 et
1816 2149 1927 2185 uos
1953 2134 2224 2200 tempte-

2322 1512 2332 1594 Ξ

509 2344 562 2386 19
594 2343 720 2387 Ρ1011.
756 2343 823 2396 18,
859 2344 928 2387 19.
1048 2344 1106 2387 20
1136 2343 1233 2388 Gal.
1268 2346 1307 2397 6,
1342 2346 1378 2388 1.
1412 2345 1450 2389 2.

424 2546 448 2588 1
471 2545 679 2588 deficiant
700 2546 743 2590 R
763 2546 840 2590 sed
861 2549 938 2590 ant
959 2560 992 2589 s.
1018 2548 1044 2590 l.
1193 2547 1221 2590 3
1242 2547 1392 2603 opera]
1416 2546 1684 2591 desideraria
1713 2548 1750 2592 C
1885 2549 2111 2591 conuertet
2132 2547 2219 2599 ΕΙ,

338 2620 601 2661 conuertant
621 2620 665 2661 B
783 2619 837 2662 ad
858 2633 957 2674 emp.
986 2620 1023 2663 C
1135 2619 1384 2663 haereticus
1410 2620 1446 2664 0
1561 2621 1607 2662 et
1628 2633 1710 2662 om.
1730 2620 1787 2672 R,
1813 2621 1857 2662 et
1878 2619 1933 2663 ad
1956 2620 2010 2671 L,
2035 2619 2105 2662 uel
2121 2619 2166 2662 B

334 2690 648 2734 schismaticus
678 2692 714 2735 C
777 2746 780 2747 ⁷
848 2691 1056 2748 reiectus]
1082 2680 1254 2747 picotos
1278 2691 1322 2734 B
1459 2691 1529 2746 ab]
1563 2691 1619 2734 ad
1642 2691 1685 2735 L
1819 2692 1847 2735 4
1867 2693 2098 2735 transeant
2122 2691 2165 2734 B

337 2764 383 2804 et
404 2762 457 2818 si]
482 2764 551 2805 est
576 2762 674 2818 QM
690 2763 768 2806 sed
792 2764 845 2806 in
866 2764 929 2806 M
943 2766 965 2806 t
985 2777 1020 2806 s.
1044 2764 1072 2806 l.
1220 2764 1391 2819 nomen]
1425 2749 1521 2806 dffi‘
1532 2776 1567 2806 s.
1590 2763 1616 2806 l.
1641 2762 1748 2806 add.
1779 2764 1816 2808 0
1958 2762 1986 2806 5
2006 2762 2220 2806 constitu-

332 2835 403 2877 tos
433 2834 508 2886 0¹,
532 2847 612 2877 om.
637 2834 680 2877 L
826 2848 851 2878 a
873 2849 955 2878 om.
987 2834 1024 2891 Q
1178 2836 1204 2879 6
1226 2837 1271 2877 et
1293 2835 1491 2878 coronari
1511 2834 1559 2878 in
1580 2836 1768 2878 mortem
1796 2836 1834 2879 G
1976 2820 2078 2877 kffi
2098 2835 2151 2879 0¹

335 2906 360 2948 7
383 2905 592 2948 admittis
615 2905 669 2949 ad
689 2906 1011 2961 paenitentiam
1030 2907 1075 2952 R
1191 2908 1219 2950 8
1236 2895 1542 2950 'sacrificantes
1561 2907 1646 2959 R',
1671 2906 1933 2950 sacrificatis
1955 2912 2035 2951 etc.
2060 2909 2157 2951 eoeh.
2176 2909 2221 2951 P
2306 2924 2310 2929 ·

331 2977 413 3031 fol.
435 2979 546 3031 515;
568 2964 626 3031 cf.
642 2991 692 3032 p.
715 2983 881 3034 482,10
1056 2980 1200 3023 exitus
1222 2980 1267 3023 L
1442 2979 1676 3023 subuenire
1704 2980 1825 3032 0P1,
1849 2978 2051 3024 obueniri
2071 2980 2115 3023 L

333 3049 457 3105 quia]
482 3035 577 3104 qiso'
596 3049 678 3093 GR
833 3048 1207 3104 exhomologesim
1231 3051 1273 3090 Β
1427 3047 1562 3104 apud]
1585 3047 1639 3091 ad
1662 3049 1706 3091 B
1862 3048 1917 3091 10
1938 3047 2220 3092 subtrahitur
2284 3088 2291 3097 ,

333 3121 426 3165 LP
585 3121 637 3163 11
659 3122 705 3163 et
725 3122 922 3163 armatus
946 3121 1005 3172 Β,
1029 3134 1110 3164 om.
1143 3121 1224 3164 CL
1390 3121 1443 3163 12
1464 3121 1629 3163 urserit
1649 3134 1763 3164 corr.
1787 3121 1840 3163 in
1861 3120 2103 3164 surrexerit
2130 3120 2215 3177 QR

333 3192 519 3244 (urserit
536 3193 611 3247 M)
730 3193 784 3236 13
806 3193 845 3235 si
866 3206 949 3236 om.
967 3193 1059 3235 LP
1172 3192 1229 3235 14
1248 3192 1490 3248 peccatoris
1512 3205 1595 3235 om.
1617 3191 1655 3249 Q
1675 3193 1791 3247 (exh.
1813 3191 1889 3247 M)
2005 3194 2103 3235 tum
2123 3192 2161 3249 Q

335 3265 391 3308 15
411 3277 489 3307 nos
511 3278 567 3307 ex
588 3277 676 3307 non
710 3265 747 3309 Ο
860 3263 1137 3321 poenitentia
1159 3264 1205 3307 R
1330 3264 1385 3307 16
1405 3263 1642 3307 decluserit
1664 3263 1708 3307 L
1825 3263 1878 3306 17
1900 3263 2068 3307 iudicat
2095 3263 2134 3309 G
2142 3269 2150 3291 ¹

333 3335 389 3378 18
408 3349 636 3379 seruorum
654 3349 830 3379 suorum
848 3349 874 3379 v
982 3335 1266 3391 sententiam]
1286 3334 1610 3391 poenitentiam
1627 3328 1758 3387 130²,v
1772 3335 2071 3391 poenitentiae
2095 3335 2149 3380 G¹

330 3407 502 3451 domini
523 3408 568 3451 L
731 3407 937 3450 emendat
967 3407 1004 3451 Ο
1164 3419 1243 3449 1103
1264 3419 1320 3449 ex
1339 3420 1426 3450 non
1454 3407 1491 3451 C
1653 3407 1707 3450 19
1727 3406 1882 3463 frater]
1905 3409 2136 3464 propterea
2158 3407 2216 3460 Β,

338 3479 480 3522 frater
501 3479 729 3522 carissime
750 3493 777 3523 v
932 3478 1168 3522 debeamus
1196 3478 1305 3523 GLv
1453 3478 1511 3521 20
1530 3477 1709 3533 dixisse]
1731 3477 1900 3522 dedisse
1925 3478 1968 3522 L
2113 3491 2214 3523 con-

333 3550 670 3606 templationem
694 3551 739 3594 B
854 3551 910 3594 21
941 3549 1308 3606 contemptemini
1330 3550 1374 3593 L
