2332 3978
288 303 398 358 404
896 297 1138 367 Caecilii
1168 297 1437 356 Cypriani

290 431 599 501 parricidam
624 446 724 484 non
762 429 961 483 resistit
997 445 1090 483 nec
1126 430 1434 492 reluctatur,
1474 427 1564 481 sed
1588 427 1805 482 humilis
1831 429 1882 482 61
1905 428 2053 483 mitis
2078 444 2173 497 pa-

291 518 479 571 tienter
505 516 768 570 occiditur.
809 516 883 568 sic
907 515 1175 569 Abraham
1200 516 1308 568 Deo
1335 515 1543 567 credens
1570 514 1621 566 et
1646 513 1874 568 radicem
1899 531 1958 568 ac
1983 514 2173 568 funda-

291 605 523 656 mentum
567 602 687 655 fidei
725 602 923 670 primus
962 602 1241 655 instituens
1281 601 1567 667 temptatus
1603 600 1658 652 in
1695 599 1804 653 filio
1841 616 1943 654 non
1967 600 2175 654 dubitat

291 704 455 756 neque
481 689 781 752 cunctatur,
824 688 912 741 sed
957 687 1245 756 praeceptis
1291 686 1388 738 Dei
1433 686 1544 739 tota
1587 686 1842 754 patientia
1885 686 2174 740 deuotionis

292 774 604 841 obsequitur.
644 775 695 826 et
732 773 876 827 Isaac
914 774 978 826 ad
1014 773 1213 826 hostiae
1252 771 1537 824 dominicae
1564 771 1965 824 similitudinem
1990 770 2176 840 praefi·
2214 789 2233 821 5
2303 783 2306 785 ·

293 861 510 929 gul-atus
538 860 738 927 quando
778 876 807 912 a
844 861 990 927 patre
1015 857 1366 911 immolandus
1386 857 1631 922 offertur,
1670 858 1870 925 patiens
1895 858 2173 912 inuenitur.

294 948 347 999 et
373 946 523 999 Iacob
551 946 763 1014 fugatus
791 963 820 998 a
846 945 1006 997 fratre
1033 944 1094 995 de
1119 945 1258 996 terra
1284 959 1377 996 sua
1397 943 1654 1011 patienter
1681 944 1880 997 excedit
1908 946 1959 997 61
1984 944 2177 997 maiore

293 1032 549 1100 patientia
586 1031 914 1100 postmodum
952 1030 1167 1098 supplex
1208 1030 1375 1082 adhuc
1413 1030 1583 1099 magis
1610 1030 1832 1098 impium
1861 1032 1913 1083 et
1941 1046 2176 1099 persecu-

294 1122 459 1172 torem
486 1118 783 1171 muneribus
809 1116 1035 1183 pacificis
1063 1116 1127 1168 ad
1155 1115 1478 1168 concordiam
1503 1116 1711 1185 redigit.
1771 1116 1953 1186 Ioseph
1979 1133 2176 1170 116111111-

295 1206 446 1258 datus
474 1223 503 1257 a
530 1204 776 1256 fratribus
805 1205 856 1254 et
882 1202 1144 1270 relegatus
1172 1218 1273 1254 non
1299 1202 1508 1254 tantum
1533 1202 1793 1270 patienter
1818 1203 2057 1272 ignoscit,
2087 1203 2235 1259 sedin

293 1293 345 1343 61
383 1291 614 1359 gratuita
652 1289 978 1341 uenientibus
1006 1288 1269 1340 frumenta
1293 1288 1512 1356 largiter
1539 1291 1591 1341 et
1618 1289 1896 1342 clementer
1922 1289 2173 1356 impertit.
2315 1274 2320 1282 ¹

292 1378 494 1445 Moyses
523 1377 585 1428 ab
614 1376 817 1444 ingrato
845 1375 895 1427 et
923 1391 952 1427 a
977 1373 1173 1442 perfido
1200 1375 1390 1442 populo
1429 1375 1779 1427 contemnitur
1805 1375 2099 1442 frequenter
2126 1376 2177 1428 61

291 1481 448 1532 paene
474 1463 760 1530 lapidatur,
802 1464 853 1514 et
879 1464 1055 1514 tamen
1081 1461 1210 1514 lenis
1249 1463 1300 1514 et
1325 1462 1526 1530 patiens
1553 1478 1643 1529 pro
1671 1462 1867 1515 eisdem
1894 1462 2177 1515 Dominum

292 1553 616 1618 deprecatur.
655 1550 708 1601 in
734 1548 907 1600 Dauid
934 1564 1081 1611 uer0,
1111 1564 1170 1600 ex
1197 1563 1296 1614 quo
1324 1548 1606 1600 secundum
1636 1565 1839 1601 carnem
1868 1548 2060 1601 Christi
2086 1564 2177 1601 na-

291 1638 473 1689 tiuitas
513 1636 701 1698 oritur,
745 1651 895 1701 quam
939 1650 1129 1702 magna
1169 1635 1219 1686 61
1257 1635 1391 1687 mira
1418 1637 1470 1687 61
1497 1635 1780 1688 christiana
1805 1635 2059 1702 patientia
2083 1634 2235 1689 ha-15
2319 1654 2332 1662 .

291 1724 463 1776 buisse
490 1724 545 1774 in
572 1739 728 1774 manu
756 1737 905 1789 saepe
932 1723 992 1773 ut
1031 1720 1153 1773 Saul
1191 1737 1367 1790 regem
1404 1724 1796 1789 persequentem
1837 1739 1888 1775 se
1928 1722 1980 1775 61
2016 1722 2179 1774 inter-

290 1811 438 1863 ficere
477 1809 919 1876 concupiscentem
957 1807 1130 1874 posset
1169 1808 1396 1860 occidere
1423 1809 1475 1860 et
1500 1809 1674 1861 tamen
1703 1808 1973 1861 subditum
2000 1808 2100 1860 sibi
2128 1808 2179 1860 et

290 1897 543 1950 traditum
570 1895 819 1947 maluisse
846 1909 1049 1946 seruare
1074 1909 1166 1946 nec
1191 1894 1484 1961 rependisse
1510 1894 1719 1948 inimico
1746 1895 1941 1959 uicem,
1979 1895 2069 1948 sed
2095 1909 2179 1946 oc-

292 1984 457 2036 cisum
496 1982 663 2034 adhuc
699 1981 907 2048 insuper
933 1982 985 2033 et
1011 1980 1317 2034 uindicasse.
1363 1981 1437 2033 tot
1465 1981 1682 2048 denique
1709 1981 1986 2050 prophetae
2013 1982 2176 2034 inter-

293 2070 442 2134 fecti,
483 2069 563 2121 101
599 2068 855 2135 martyres
894 2067 1132 2136 gloriosis
1176 2068 1432 2121 mortibus
1476 2068 1729 2133 honorati,
1777 2070 1864 2136 qui
1912 2084 2089 2122 omnes
2115 2069 2181 2122 ad
2196 2074 2239 2108 20

294 2156 538 2209 caelestes
587 2169 792 2206 coronas
837 2154 1115 2222 patientiae
1158 2154 1309 2206 laude
1353 2156 1619 2207 uenerunt.
1660 2171 1824 2222 neque
1850 2156 1987 2208 enim
2013 2156 2182 2223 potest

293 2242 457 2309 accipi
485 2241 719 2293 dolorum
758 2242 809 2292 et
846 2241 1144 2307 passionum
1184 2255 1389 2305 corona,
1430 2240 1531 2293 nisi
1556 2241 1830 2308 praecedat
1857 2242 1910 2293 in
1938 2241 2111 2295 dolore
2137 2242 2188 2294 et

291 2328 526 2395 passione
552 2327 823 2394 patientia.

211 2415 269 2465 ll
366 2412 532 2477 Quam
571 2412 640 2464 sit
678 2413 852 2465 autem
890 2413 1143 2480 patientia
1180 2413 1329 2466 utilis
1370 2415 1421 2466 et
1458 2414 1768 2479 necessaria,
1810 2414 1997 2468 fratres
2026 2414 2185 2467 dilec-

291 2499 510 2563 tissimi,
551 2500 611 2551 ut
653 2499 982 2552 manifestius
1028 2499 1193 2567 possit
1239 2501 1290 2552 et
1333 2500 1535 2568 plenius
1582 2500 1746 2566 nosci,
1787 2500 1885 2553 Dei
1929 2500 2187 2554 sententia
2203 2509 2244 2542 25

295 2586 550 2654 cogitetur
601 2603 756 2653 quam
804 2587 859 2639 in
910 2586 1106 2655 origine
1157 2587 1339 2639 statim
1391 2587 1572 2639 mundi
1625 2588 1676 2640 61
1726 2587 1926 2657 generis
1971 2586 2187 2639 humani

295 2672 467 2724 Adam
504 2673 759 2739 praecepti
810 2673 1062 2724 inmemor
1108 2674 1159 2725 et
1211 2673 1359 2726 datae
1409 2673 1541 2742 legis
1586 2675 1931 2742 transgressor
1975 2672 2184 2741 accepit.

296 2758 419 2810 tunc
448 2758 670 2810 sciemus
699 2775 857 2825 quam
888 2758 1145 2824 patientes
1173 2774 1282 2811 esse
1308 2759 1361 2811 in
1388 2759 1488 2811 isto
1516 2760 1717 2812 saeculo
1757 2759 2057 2823 debeamuS,
2098 2757 2186 2825 qui

297 2843 370 2895 sic
408 2843 682 2908 nascimur,
723 2844 782 2895 ut
825 2844 1077 2910 pressuris
1122 2844 1241 2896 istic
1280 2846 1329 2897 61
1368 2845 1836 2899 conflictationibus
1875 2845 2182 2898 laboremus.

387 3056 409 3097 1
444 3056 720 3099 fratricidam
742 3071 795 3112 υς
818 3056 875 3111 cf.
892 3070 936 3112 p.
952 3059 1058 3109 307,
1073 3060 1170 3110 28„
1219 3058 1276 3101 de
1300 3058 1393 3102 zelo
1419 3059 1505 3102 etl.
1527 3072 1562 3102 e.
1582 3062 1644 3111 5.,
1691 3058 1886 3114 Quintil.
1906 3058 2013 3102 inst.
2039 3057 2181 3112 VIII,

301 3130 345 3181 6,
365 3129 424 3169 35
510 3128 537 3170 5
559 3127 650 3171 isac
674 3128 711 3171 S
795 3129 821 3172 7
843 3128 980 3171 fratre
1001 3142 1079 3172 suo
1102 3129 1140 3172 S
1223 3129 1391 3173 maiora
1420 3130 1461 3174 G
1546 3130 1574 3173 8
1595 3131 1838 3174 secutorem
1855 3131 1935 3176 W¹
2022 3130 2049 3173 9
2071 3128 2186 3172 redi-

299 3198 384 3252 git]
404 3198 574 3241 reducit
602 3200 643 3243 G
731 3199 787 3243 10
815 3198 1034 3256 religatus
1059 3200 1141 3244 SG
1219 3202 1422 3257 agnoscit
1445 3201 1482 3245 S
1568 3203 1621 3245 11
1653 3204 1699 3246 et
1720 3215 1800 3246 om.
1829 3202 1869 3246 G
1957 3202 2183 3245 frumenta

300 3268 581 3312 uenientibus
605 3272 742 3316 WGv
831 3272 886 3315 12
906 3285 933 3315 a
954 3286 1035 3316 om.
1061 3272 1202 3317 WGv
1291 3274 1345 3316 13
1367 3273 1507 3317 isdem
1529 3274 1593 3320 W
1680 3274 1735 3318 14
1755 3273 2015 3317 natiuitatis
2036 3273 2096 3316 Θ*

302 3340 357 3381 15
385 3341 626 3398 patientia]
647 3344 771 3399 patia
794 3344 832 3387 S
934 3345 987 3387 17
1019 3344 1269 3400 cupientem
1298 3346 1338 3389 G
1445 3348 1491 3390 ct
1511 3360 1592 3392 om.
1618 3347 1656 3391 S
1761 3347 1850 3391 sibi
1874 3360 1929 3391 ex
1951 3346 2040 3390 tibi
2063 3345 2100 3390 S

302 3411 357 3452 19
391 3411 613 3456 interfecti
636 3415 696 3459 W
716 3427 751 3458 s.
768 3416 795 3459 l.
818 3429 874 3459 m.
897 3419 927 3461 ,2
1013 3415 1071 3459 20
1089 3417 1175 3472 tot]
1199 3416 1282 3460 hoc
1303 3417 1341 3461 S
1424 3419 1638 3475 martyris
1660 3419 1699 3463 S
1781 3418 1997 3475 gloriosos
2015 3419 2097 3464 W¹

300 3483 355 3525 21
387 3484 536 3538 patiac
559 3485 640 3529 W¹
728 3487 785 3530 24
814 3487 1083 3543 patientiam
1105 3500 1237 3544 quam
1260 3488 1298 3532 S
1381 3490 1438 3533 25
1467 3490 1638 3535 dinosci
1664 3490 1707 3535 G
1802 3491 1858 3535 27
1890 3492 1936 3534 61
1956 3504 2039 3536 om.
2061 3489 2100 3534 S

299 3552 420 3608 leges
443 3554 481 3597 S
612 3557 667 3600 29
698 3557 745 3601 111
767 3559 983 3613 pressuris
1012 3558 1053 3603 G'
1216 3559 1352 3604 istinc
1379 3561 1470 3613 W',
1494 3561 1631 3606 isthic
1651 3563 1849 3620 Auyust.
1874 3566 2039 3607 contra
2059 3561 2179 3606 duas

304 3625 429 3679 epist.
456 3626 551 3669 Pel.
577 3629 662 3680 IV,
684 3633 730 3683 8,
753 3633 815 3673 22
