2332 3978
199 402 207 407 ,
239 341 349 397 836
675 294 684 305 ι.
913 338 1158 387 Caecilii
1187 313 1460 399 θέω-18111

242 472 404 525 31111113
447 486 568 540 ergo
611 469 930 525 orationibus
972 469 1163 525 nostris
1203 470 1453 524 alterutro
1497 470 1757 526 adiutores
1793 472 1846 526 et
1878 486 2122 542 rogemus

242 558 378 611 sicut
420 556 696 621 mandasti,
742 558 803 610 ut
827 557 996 610 Deum
1040 558 1092 611 et
1135 555 1400 611 Christum
1444 557 1497 610 et
1535 557 1744 627 angelos
1784 557 1840 612 in
1880 558 2120 613 omnibus

242 643 444 698 actibiss
480 643 668 696 nostris
702 643 982 696 habeamus
1018 642 1258 697 fautores,
1305 644 1542 712 optamus
1577 644 1646 709 te,
1688 644 1908 699 Domine
1941 645 2117 710 frater,

242 745 441 798 semper
466 730 594 783 bene
619 730 791 782 ualere
818 729 870 783 et
893 730 1059 783 nostri
1085 729 1398 783 meminisse.
1428 730 1602 784 saluta
1628 745 1804 784 omnes
1829 730 1919 798 qui
1944 732 2120 785 tecum

243 817 378 870 sunt.
426 831 600 870 omnes
641 816 804 869 nostri
827 805 933 884 ‘qui
971 816 1241 870 nobiscum
1281 817 1403 870 sunt
1436 817 1489 869 te
1515 818 1692 871 amant
1729 817 1782 871 et
1807 817 2039 872 salutant
2063 818 2118 872 et
2135 835 2161 868 s>

245 903 421 956 uidere
449 902 756 956 desiderant.

586 1145 1193 1237 EPISTVLA
1253 1144 1778 1237 LXXVIII.

245 1315 542 1362 CYPRIANO
571 1316 791 1360 FRATRI
822 1316 896 1360 ET
928 1316 1231 1362 COLLEGAE
1259 1316 1470 1362 LVCIVS
1500 1317 1574 1360 ET
1608 1316 1711 1371 QVI
1733 1317 1855 1362 CVM
1875 1316 2123 1362 EOSVNT

777 1388 1042 1432 FRATRES
1073 1388 1273 1434 OMNES
1304 1388 1372 1432 IN
1402 1389 1518 1434 DEO
1550 1389 1592 1432 S.

199 1580 218 1631 l
314 1577 680 1630 Exultantibus
715 1578 860 1630 nobis
899 1580 949 1631 et
979 1578 1294 1630 laetantibus
1330 1578 1384 1630 in
1409 1578 1516 1629 Deo
1553 1578 1688 1644 quod
1723 1592 1813 1630 nos
1841 1578 1892 1630 et
1917 1577 1972 1629 in
1999 1591 2116 1629 con·
2139 1595 2187 1626 ιο

243 1663 556 1731 gressionem
584 1665 863 1717 armauerit
884 1665 934 1716 et
955 1664 1009 1716 in
1029 1664 1223 1732 proelio
1249 1664 1471 1716 uictores
1499 1679 1592 1716 sua
1618 1664 1915 1732 dignatione
1941 1662 2120 1715 fecerit

243 1750 646 1817 superuenerunt
672 1750 878 1803 litterae
904 1753 1039 1814 tuae,
1067 1750 1225 1803 frater
1253 1750 1530 1812 carissime,
1560 1766 1685 1817 quas
1712 1767 1802 1818 per
1828 1749 2113 1801 Herennia-

239 1851 365 1887 num
414 1835 822 1904 hypodiaconum
874 1838 925 1888 et
969 1837 1235 1889 Lucanum
1287 1838 1338 1889 et
1381 1837 1669 1889 Maximum
1713 1838 1765 1889 et
1811 1836 2121 1889 Amantium

242 1921 506 1975 acoluthos
556 1922 748 1975 misisti
798 1923 968 1975 nobis:
1022 1923 1208 1990 quibus
1259 1923 1407 1975 lectis
1457 1923 1742 1990 recepimus
1792 1923 1845 1974 in
1896 1923 2118 1975 uinculis

240 2007 609 2072 laxamentum,
646 2008 699 2060 in
735 2024 970 2076 pressura
1007 2008 1258 2061 solacium
1294 2009 1345 2061 et
1382 2008 1436 2060 in
1461 2009 1765 2061 necessitate
1799 2008 2117 2075 praesidium
2139 2030 2182 2060 ιε»

242 2093 293 2145 et
328 2094 535 2146 excitati
572 2110 749 2148 sumus
777 2096 829 2148 et
855 2096 1115 2147 robustius
1152 2094 1370 2147 animati
1396 2111 1453 2147 ac
1480 2095 1523 2147 si
1550 2094 1675 2162 quid
1711 2094 1934 2162 amplius
1963 2093 2122 2146 fuerit

241 2194 533 2247 poenarum.
563 2197 683 2233 nam
711 2183 829 2233 ante
854 2181 1144 2249 passionem
1174 2181 1275 2233 ate
1301 2196 1478 2233 sumus
1506 2181 1569 2233 ad
1595 2180 1815 2248 gloriam
1842 2179 2120 2247 prouocati,

245 2265 332 2332 qui
368 2266 507 2333 prior
542 2267 687 2319 nobis
726 2267 970 2320 ducatum
997 2267 1062 2319 ad
1088 2266 1456 2319 confessionem
1492 2266 1714 2319 nominis
1743 2265 1934 2318 Christi
1972 2281 2121 2333 prae-

244 2351 423 2404 buisti.
462 2367 552 2406 nos
590 2369 710 2406 uero
747 2354 910 2406 secuti
946 2353 1169 2421 uestigia
1196 2352 1525 2405 confessionis
1551 2354 1671 2405 tuae
1697 2368 1873 2420 parem
1900 2352 2124 2421 gratiam

328 2552 351 2594 1
374 2552 539 2595 nostris
562 2566 643 2597 om.
667 2554 748 2611 Ηβ
940 2553 1205 2595 alterutrum
1231 2553 1317 2609 βνυ
1508 2553 1567 2609 et]
1592 2552 1667 2596 sed
1686 2554 1716 2596 h
1901 2553 1928 2595 3
1949 2551 2124 2595 actibus

242 2635 320 2666 om.
348 2623 389 2666 T
566 2625 733 2668 nostris
756 2638 835 2668 om.
861 2642 892 2681 μ
1071 2624 1285 2680 fautores]
1310 2625 1483 2667 futuros
1509 2624 1551 2667 Τ
1718 2625 1922 2679 optamus
1947 2657 1957 2667 .
1977 2655 2015 2665 ..
2041 2623 2068 2666 l.
2095 2616 2124 2666 6

243 2694 498 2738 desiderant
520 2709 602 2739 om.
627 2713 652 2738 v
786 2696 959 2740 domine
981 2710 1062 2740 om.
1085 2711 1110 2739 r
1245 2696 1402 2752 frater]
1423 2698 1549 2752 pater
1568 2681 1668 2738 kffie
1691 2695 1762 2738 Br
1904 2695 1933 2738 4
1953 2707 2124 2750 semper

238 2783 322 2814 om.
359 2772 454 2827 Τβν
714 2769 862 2812 saluta
989 2769 1241 2813 desiderant
1276 2783 1357 2813 om.
1391 2769 1447 2812 B.
1490 2794 1543 2799 —-
1576 2767 1792 2824 Cypriane
1827 2765 2119 2809 Nemesianus

238 2842 430 2885 Datiuus
452 2841 577 2884 Felix
609 2843 655 2884 et
677 2841 833 2884 Victor
865 2841 1048 2897 explicit
1074 2843 1122 2894 T,
1156 2841 1393 2897 Rescripta
1421 2839 1719 2883 confessorum
1742 2837 1924 2894 explicit
1945 2837 2002 2888 B,
2036 2850 2120 2880 om.

237 2915 455 2970 Ηήνβμν.
479 2938 527 2945 -

323 2986 465 3041 Epist.
488 2985 738 3028 LXXVIII.
762 3010 815 3016 -
838 2985 1005 3040 Incipit
1036 2985 1090 3028 ad
1111 2984 1296 3029 Lucium
1328 2984 1514 3040 (Incipit
1534 2982 1661 3026 Lucii
1685 2983 1733 3039 μ)
1757 2983 1802 3024 et
1833 2981 1910 3036 qui
1942 2993 2040 3023 cum
2071 2992 2122 3022 66

239 3059 344 3101 3111113
378 3057 505 3114 Τρμ,
542 3057 711 3113 Incipit
742 3056 798 3100 ad
827 3056 1015 3100 Lucium
1037 3057 1094 3110 B,
1127 3056 1348 3113 Cypriano
1368 3056 1534 3099 Lucius
1566 3055 1642 3110 qui
1673 3055 1719 3096 et
1748 3053 2032 3096 Nicostratus
2054 3051 2121 3103 H,

240 3142 321 3172 om.
345 3129 385 3171 h.
409 3154 463 3161 —
485 3129 512 3172 8
534 3128 767 3184 cyprianus
788 3128 951 3184 BQTh
1114 3129 1230 3172 lucio
1252 3129 1297 3171 B
1305 3128 1419 3185 QTh,
1590 3139 1687 3169 cum
1709 3125 1774 3181 eo]
1798 3137 1970 3167 mecum
1991 3123 2063 3167 Βυ

238 3200 264 3243 9
288 3213 437 3243 61111163
468 3214 548 3250 Qm.
573 3217 604 3257 μ
740 3186 843 3242 dfio‘
846 3200 903 3243 H
904 3201 968 3244 Tv
1104 3200 1160 3243 10
1180 3202 1225 3243 613
1245 3213 1325 3243 1163
1347 3201 1388 3244 T
1518 3200 1564 3242 613
1583 3198 1631 3241 111
1651 3198 1828 3252 scripsi,
1852 3198 1896 3239 et
1925 3195 1974 3252 Q,
1995 3195 2043 3238 in
2066 3195 2117 3247 T,

238 3271 293 3315 ad
315 3272 473 3328 ΒΗμυ
696 3271 749 3314 11
772 3271 831 3327 613]
856 3272 909 3314 ut
931 3271 975 3314 B
1194 3285 1272 3314 sua
1294 3285 1374 3314 om.
1402 3271 1447 3314 B
1665 3269 1720 3311 12
1740 3267 2034 3311 herenninum
2054 3266 2119 3318 H,

236 3344 508 3387 hennianum
536 3342 648 3399 thae,
671 3343 912 3385 ennianum
935 3342 984 3394 T,
1010 3342 1261 3386 saturnium
1283 3343 1328 3385 et
1348 3342 1666 3385 herennianum
1694 3339 1738 3383 V
1902 3338 1957 3381 13
1977 3338 2116 3380 lucia-

235 3428 344 3458 num
366 3416 437 3459 Bv
573 3416 619 3457 et
639 3414 889 3457 amantium
911 3427 992 3457 om.
1026 3414 1070 3458 V
1199 3414 1255 3457 14
1275 3413 1505 3457 acoluthos
1529 3412 1626 3465 TV,
1648 3411 1835 3455 acolitos
1857 3409 2060 3466 1311th

235 3486 426 3529 misistis
448 3486 493 3529 B
650 3485 779 3529 nobis
800 3498 880 3528 om.
900 3485 946 3528 B
1120 3485 1175 3529 15
1195 3485 1411 3541 pressuris
1431 3477 1478 3527 B
1651 3484 1706 3528 16
1727 3482 1792 3539 ae]
1816 3481 1873 3525 ad
1894 3494 1968 3537 μυ,
1989 3481 2037 3522 at
2058 3480 2087 3522 h
2097 3496 2114 3534 ,-

238 3558 299 3611 cf.
318 3571 363 3613 p.
387 3560 491 3613 827,
505 3560 533 3602 7
763 3557 944 3612 quidam
965 3556 1088 3613 prius
1105 3557 1169 3600 M
1183 3555 1310 3613 (quid
1331 3554 1523 3613 amplius
1548 3555 1603 3612 Q)
1834 3552 1886 3596 17
1909 3551 2035 3595 abste
2056 3551 2114 3603 B,

239 3631 344 3672 ante
364 3632 417 3685 μ1
593 3628 647 3672 19
669 3628 910 3684 uestigium
938 3629 980 3672 T
