2332 3978
708 282 781 324 De
811 278 1173 324 mortalitate
1211 292 1246 323 c.
1281 278 1466 324 14—17.
1913 279 2017 333 307

136 415 342 471 fortiore
385 411 648 482 colligitur
687 410 1010 479 pugnaturus
1044 408 1152 461 sine
1189 408 1334 461 metu
1373 408 1586 473 mortis,
1626 424 1744 461 cum
1769 408 2024 477 proelium

140 498 362 562 uenerit,
401 496 490 564 qui
517 497 581 548 ad
602 494 849 547 militiam
874 494 1103 562 tempore
1129 492 1466 546 mortalitatis
1492 493 1702 546 accedit.

218 583 352 649 Quid
377 582 556 635 deinde
581 581 741 645 illud,
780 579 969 632 fratres
996 578 1353 643 dilectissimi,
1394 578 1544 646 quale
1581 579 1682 643 est,
1723 595 1878 646 quam
1904 578 2107 646 per-16

143 672 333 734 tinenS,
373 684 528 736 quam
552 666 920 730 necessarium,
961 664 1097 733 quod
1121 663 1282 731 pestis
1308 663 1412 717 ista
1449 664 1502 717 et
1538 665 1648 718 lues
1690 680 1817 734 quae
1855 663 2023 717 horri-

6 763 11 767 ·
103 755 264 810 sbilis
291 756 342 808 01
367 753 541 808 feralis
567 753 774 806 uidetur
809 752 1037 819 explorat
1073 749 1334 803 iustitiam
1373 749 1696 818 singulorum
1735 750 1787 804 et
1824 752 2024 803 mentes

143 841 355 896 humani
381 839 582 908 generis
609 838 882 902 examinat,
913 854 977 890 an
1002 836 1220 889 infirmis
1252 837 1482 889 seruiant
1508 837 1636 908 sani,
1665 853 1730 890 an
1751 836 2026 904 propinqui

146 928 385 997 cognatos
430 925 514 994 pie
558 925 810 993 diligant,
851 939 916 976 an
961 923 1302 976 misereantur
1351 936 1619 975 seruorum
1663 922 2028 991 languentium

147 1012 366 1076 domini,
407 1028 471 1064 an
496 1010 825 1078 deprecantes
866 1023 1044 1077 aegros
1081 1024 1180 1062 non
1218 1009 1455 1062 deserant
1489 1008 1706 1074 medici,
1746 1025 1810 1061 an
1836 1008 2027 1061 feroces

147 1098 448 1152 uiolentiam
475 1113 622 1150 suam
649 1095 994 1163 conprimant,
1035 1111 1099 1148 an
1133 1110 1340 1162 rapaces
1367 1094 1616 1148 auaritiae
1642 1094 1862 1147 furentis
1888 1095 2028 1147 insa-

52 1227 53 1230 ,
90 1197 135 1234 ιο
149 1185 381 1239 tiabilem
418 1198 617 1250 sempr
650 1182 884 1234 ardorem
910 1182 996 1234 1101
1021 1182 1166 1234 1110111
1190 1181 1374 1233 mortis
1403 1181 1732 1250 extinguant,
1773 1197 1838 1234 an
1864 1180 2031 1233 cerui-

149 1286 257 1324 cem
282 1270 490 1322 flectant
517 1267 747 1336 superbi,
787 1284 852 1320 an
903 1267 1171 1320 audaciam
1214 1267 1410 1320 leniant
1453 1267 1684 1334 inprobi,
1724 1283 1787 1319 an
1813 1282 2031 1334 pereun-

149 1356 287 1409 tibus
314 1356 444 1408 caris
469 1356 554 1407 uel
580 1355 653 1407 sic
679 1354 876 1422 aliquid
904 1354 1092 1406 diuites
1118 1353 1410 1423 largiantur
1430 1355 1481 1405 et
1503 1354 1691 1406 donent
1713 1353 1821 1405 sine
1841 1352 2029 1405 herede

149 1442 401 1496 morituri.
451 1443 511 1493 ut
553 1440 685 1493 nihil
728 1440 870 1492 aliud
913 1439 1205 1492 mortalitas
1249 1440 1351 1492 ista
1398 1440 1699 1503 contulerit,
1758 1439 1852 1491 hoc
1895 1440 2031 1492 chri-

152 1528 332 1581 stianis
360 1529 411 1580 et
437 1526 534 1579 Dei
561 1526 723 1579 seruis
749 1526 1035 1593 plurimum
1059 1527 1321 1592 praestitit
1347 1526 1482 1593 quod
1519 1526 1832 1594 martyrium
1860 1526 2030 1593 coepi-

93 1629 137 1662 15
153 1629 267 1667 mus
292 1613 513 1666 libenter
537 1614 800 1680 adpetere,
842 1613 967 1664 dum
992 1614 1211 1665 mortem
1240 1613 1487 1666 discimus
1522 1628 1622 1665 non
1647 1613 1847 1665 timere.
1891 1629 2032 1666 exer-

154 1699 279 1753 citia
304 1700 424 1751 sunt
457 1699 603 1752 nobis
640 1699 767 1764 ista,
807 1714 907 1752 non
945 1700 1151 1752 funera:
1194 1699 1318 1752 dant
1356 1700 1524 1751 animo
1564 1699 1887 1752 fortitudinis
1927 1700 2035 1769 glo-

25 1853 34 1857 ..
154 1785 310 1850 riam,
353 1786 649 1852 contemptu
675 1785 858 1838 mortis
883 1787 1190 1852 praeparant
1217 1785 1281 1837 ad
1308 1800 1560 1838 coronam.

27 1860 58 1943 ἐξ
230 1870 331 1924 Sed
369 1872 583 1925 fortasse
622 1872 809 1939 aliquis
849 1873 1069 1939 opponat
1108 1873 1159 1925 et
1197 1872 1363 1925 dicat:
1401 1866 1514 1924 ‘hoc
1552 1887 1635 1924 me
1663 1887 1783 1940 ergo
1810 1872 1864 1924 in
1889 1888 2037 1940 prae·
2061 1871 2121 1922 17

27 1955 61 2021 [³3
84 2026 87 2030 .
159 1957 291 2011 senti
337 1958 655 2011 mortalitate
682 1959 953 2011 contristat
998 1958 1131 2025 quod
1176 1958 1264 2025 qui
1307 1961 1518 2026 paratus
1564 1959 1627 2011 ad
1673 1958 2041 2012 confessionem

97 2063 145 2098 πο
159 2043 357 2097 fueram
385 2045 436 2097 et
462 2045 526 2097 ad
551 2045 882 2097 tolerantiam
908 2045 1158 2112 passionis
1185 2046 1293 2097 toto
1320 2062 1402 2098 me
1429 2046 1576 2098 corde
1598 2047 1649 2098 et
1669 2046 1820 2112 plena
1844 2046 2041 2097 uirtute

69 2117 80 2166 s
160 2129 464 2183 deuoueram
489 2131 739 2199 martyrio
766 2145 880 2182 meo
905 2131 1104 2197 priuor,
1146 2130 1271 2183 dum
1308 2133 1472 2184 morte
1499 2124 1833 2199 praeuenior’.
1875 2131 2041 2199 primo

58 2203 73 2269 1
159 2214 213 2267 111
237 2215 346 2269 1000
372 2231 472 2268 11011
499 2216 576 2268 est
601 2215 655 2268 in
681 2219 772 2269 tua
798 2218 1054 2284 potestate
1081 2217 1169 2268 sed
1195 2218 1250 2269 in
1269 2217 1366 2269 Dei
1393 2217 1691 2286 dignatione
1716 2217 2043 2284 martyrium,

158 2316 249 2354 nec
286 2302 428 2368 potes
466 2302 518 2354 te
557 2302 724 2355 dicere
761 2302 1046 2368 perdidisse
1085 2302 1219 2369 quod
1245 2302 1409 2355 nescis
1437 2319 1500 2355 an
1526 2303 1770 2355 merearis
1799 2302 2043 2369 accipere.

159 2388 283 2440 tunc
310 2387 492 2440 deinde
518 2388 655 2440 Deus
685 2388 941 2441 scrutator
967 2389 1044 2441 est
1069 2389 1204 2441 renis
1233 2390 1283 2442 et
1310 2389 1474 2441 cordis
1502 2390 1553 2441 et
1580 2389 1897 2441 occultorum
1926 2404 2045 2440 con-

25 2340 67 2459 1

32 2442 74 2536 52³
103 2487 147 2522 25
161 2473 440 2541 templator
486 2474 537 2526 01
582 2473 829 2542 cognitor,
867 2474 1012 2526 uidet
1039 2474 1090 2526 et
1116 2473 1391 2526 conlaudat
1418 2475 1470 2526 te
1498 2475 1549 2526 et
1576 2474 1854 2542 conprobat
1881 2476 1932 2526 et
1959 2474 2047 2542 qui

27 2508 59 2624 Ξ),
86 2562 88 2564 ’
162 2559 406 2627 perspicit
433 2561 558 2627 aput
583 2561 634 2611 te
659 2551 907 2626 paratam'
924 2560 1081 2612 fuisse
1107 2560 1358 2612 uirtutem
1384 2560 1555 2612 reddit
1580 2575 1668 2627 pro
1696 2560 1890 2612 uirtute
1911 2576 2047 2612 mer-

23 2618 61 2722 {j-
166 2645 355 2698 cedem.
395 2645 650 2712 numquid
679 2644 804 2698 Cain
843 2661 960 2698 cum
1003 2646 1110 2698 Deo
1156 2662 1344 2698 munus
1390 2646 1594 2698 offerret
1631 2646 1736 2699 iam
1762 2647 2050 2713 peremerat

33 2733 58 2799 ᾖ
165 2730 418 2784 fratrem?
459 2732 509 2784 et
553 2733 730 2784 tamen
752 2732 1086 2800 parricidium
1113 2733 1284 2785 mente
1311 2735 1611 2799 conceptum
1637 2733 1776 2785 Deus
1802 2733 2048 2800 prouidus

29 2807 73 2896 {3
160 2819 282 2870 ante
309 2818 591 2871 damnauit.
631 2819 691 2870 ut
716 2818 828 2871 illic
854 2819 1101 2887 cogitatio
1127 2819 1266 2872 mala
1286 2821 1338 2871 et
1358 2820 1640 2886 perniciosa
1663 2819 1922 2886 conceptio
1944 2820 2051 2871 Deo

39 2997 69 3046 51.

249 3032 278 3075 3
308 3031 424 3075 illud
444 3044 526 3075 om.
557 3031 594 3076 O
698 3032 727 3075 4
756 3032 840 3076 illa
868 3034 905 3077 Ο
1011 3035 1039 3077 5
1070 3035 1115 3077 et
1135 3034 1289 3077 feralis
1310 3047 1392 3078 om.
1418 3035 1481 3079 W
1567 3032 1787 3089 explorati
1811 3033 1848 3077 S
1932 3046 2055 3076 men-

164 3101 228 3145 tis
249 3102 286 3147 Ο
376 3104 403 3147 6
425 3103 678 3147 examinant
692 3103 729 3148 S
818 3118 874 3147 an
888 3105 1027 3160 prius
1043 3118 1123 3149 om.
1139 3105 1176 3149 S
1266 3106 1291 3149 7
1312 3105 1384 3162 pie
1401 3119 1481 3149 om.
1503 3105 1543 3149 G
1651 3105 1916 3147 miserantur
1934 3105 1970 3148 O

163 3174 197 3218 8
215 3173 416 3218 deferant
440 3174 502 3219 ΘΙ
587 3176 613 3218 9
633 3174 830 3219 furentes
849 3175 886 3220 S
970 3177 1026 3220 10
1047 3177 1282 3233 extingunt
1305 3177 1342 3221 S
1349 3181 1379 3230 ¹,
1403 3176 1636 3232 extinguat
1667 3175 1731 3218 G¹
1817 3175 1872 3218 12
1892 3175 2055 3218 diuites

166 3245 473 3302 indigentibus
495 3246 721 3290 Baluzius
828 3247 883 3291 14
902 3250 1072 3304 prestat
1089 3247 1129 3292 G
1236 3249 1291 3292 16
1311 3248 1403 3291 ista
1422 3247 1549 3291 nobis
1569 3246 1611 3290 G
1697 3247 1751 3289 21
1774 3246 1986 3301 martyrio
2012 3245 2056 3289 G

165 3316 247 3360 sed
267 3317 320 3361 in
339 3331 508 3375 mara:
531 3317 583 3360 de
604 3318 816 3375 martyrio
903 3319 960 3362 23
990 3320 1141 3376 potest
1164 3319 1287 3365 SW²
1374 3321 1420 3362 te
1442 3331 1523 3362 om.
1548 3318 1585 3361 S
1670 3317 1727 3360 24
1757 3317 1859 3360 110111
1886 3317 1968 3362 W*

173 3390 393 3432 scrutatur
421 3389 459 3434 O
574 3391 643 3434 est
671 3402 753 3433 om.
776 3404 803 3434 υ
936 3393 981 3434 01
1001 3391 1143 3434 cordis
1164 3404 1247 3435 om.
1277 3390 1314 3435 O
1430 3389 1750 3444 contemplator
1771 3390 1839 3431 est
1866 3388 1971 3432 Wo

172 3458 229 3503 25
259 3461 304 3503 013
332 3473 412 3504 om.
445 3460 482 3506 O
587 3463 632 3505 et
652 3461 888 3506 conlaudat
908 3463 954 3505 te
977 3461 1031 3514 S,
1063 3464 1109 3505 te
1130 3463 1176 3505 et
1195 3461 1352 3505 laudat
1387 3460 1573 3506 OWGv
1693 3460 1749 3501 26
1781 3458 1926 3501 reddit
1953 3458 2061 3503 WO

172 3530 286 3587 (leyi
304 3532 463 3588 nequit
481 3533 535 3576 iaz
555 3533 630 3588 S),
652 3532 807 3577 reddet
830 3534 897 3577 Gv
983 3534 1038 3577 27
1069 3533 1309 3589 perimerat
1328 3531 1446 3575 WG¹
1534 3532 1590 3574 28
1622 3531 1903 3584 concoeptum
1933 3529 1976 3572 G

180 3601 237 3645 29
267 3603 511 3658 perniciosa
540 3604 708 3658 0WG,
728 3605 974 3661 periculosa
997 3605 1034 3648 S

46 3052 77 3095 ,1,

1611 3675 1680 3725 eo
1694 3674 1720 3704 >÷=
