<?xml version="1.0" encoding="UTF-8"?>
<!DOCTYPE html PUBLIC "-//W3C//DTD XHTML 1.0 Transitional//EN"
    "http://www.w3.org/TR/xhtml1/DTD/xhtml1-transitional.dtd">
<html xmlns="http://www.w3.org/1999/xhtml" xml:lang="en" lang="en">
 <head>
  <title>
</title>
<meta http-equiv="Content-Type" content="text/html;charset=utf-8" />
  <meta name='ocr-system' content='tesseract 3.04.00' />
  <meta name='ocr-capabilities' content='ocr_page ocr_carea ocr_par ocr_line ocrx_word'/>
</head>
<body>
  <div class='ocr_page' id='page_1' title='image "./sthascicaecilicy03cypruoft_0683.png"; bbox 0 0 2332 3978; ppageno 0'>
   <div class='ocr_carea' id='block_1_1' title="bbox 0 0 2011 2319">
    <p class='ocr_par' dir='ltr' id='par_1_1' title="bbox 0 0 73 187">
     <span class='ocr_line' id='line_1_1' title="bbox 0 0 73 187; baseline 0.301 -22"><span class='ocrx_word' id='word_1_1' title='bbox 0 0 73 187; x_wconf 57' lang='lat' dir='ltr'>{l</span> 
     </span>
    </p>

    <p class='ocr_par' dir='ltr' id='par_1_2' title="bbox 0 202 2011 355">
     <span class='ocr_line' id='line_1_2' title="bbox 2 227 2011 337; baseline 0.002 -60.996"><span class='ocrx_word' id='word_1_2' title='bbox 2 227 49 337; x_wconf 51' lang='grc' dir='ltr'><em>ἴ</em></span> <span class='ocrx_word' id='word_1_3' title='bbox 662 233 961 290; x_wconf 75' lang='lat' dir='ltr'><strong>Epistulae</strong></span> <span class='ocrx_word' id='word_1_4' title='bbox 991 233 1234 278; x_wconf 79' lang='lat' dir='ltr'>Lv1111.</span> <span class='ocrx_word' id='word_1_5' title='bbox 1266 247 1300 278; x_wconf 78' lang='lat' dir='ltr'>c.</span> <span class='ocrx_word' id='word_1_6' title='bbox 1333 235 1458 279; x_wconf 85' lang='lat'><strong>2—3.</strong></span> <span class='ocrx_word' id='word_1_7' title='bbox 1900 236 2011 290; x_wconf 85' lang='lat'>669</span> 
     </span>
     <span class='ocr_line' id='line_1_3' title="bbox 16 331 42 355; baseline 0 -13"><span class='ocrx_word' id='word_1_8' title='bbox 16 331 42 355; x_wconf 23' lang='grc' dir='ltr'>,ἦ</span> 
     </span>
    </p>

    <p class='ocr_par' dir='ltr' id='par_1_3' title="bbox 0 351 2009 2319">
     <span class='ocr_line' id='line_1_4' title="bbox 12 356 2005 431; baseline -0.001 -13"><span class='ocrx_word' id='word_1_9' title='bbox 12 356 48 427; x_wconf 99' lang='lat' dir='ltr'><em>J</em></span> <span class='ocrx_word' id='word_1_10' title='bbox 119 366 339 418; x_wconf 86' lang='lat' dir='ltr'>tumax</span> <span class='ocrx_word' id='word_1_11' title='bbox 365 370 474 428; x_wconf 85' lang='lat' dir='ltr'>est,</span> <span class='ocrx_word' id='word_1_12' title='bbox 501 363 602 416; x_wconf 91' lang='lat' dir='ltr'>uir</span> <span class='ocrx_word' id='word_1_13' title='bbox 627 363 727 419; x_wconf 92' lang='lat' dir='ltr'>sui</span> <span class='ocrx_word' id='word_1_14' title='bbox 751 363 1028 428; x_wconf 82' lang='lat' dir='ltr'>iactanS,</span> <span class='ocrx_word' id='word_1_15' title='bbox 1053 362 1231 416; x_wconf 89' lang='lat' dir='ltr'><strong>nihil</strong></span> <span class='ocrx_word' id='word_1_16' title='bbox 1256 363 1509 418; x_wconf 92' lang='lat' dir='ltr'>omnino</span> <span class='ocrx_word' id='word_1_17' title='bbox 1535 362 1867 430; x_wconf 86' lang='lat' dir='ltr'>proficiet,</span> <span class='ocrx_word' id='word_1_18' title='bbox 1895 364 2005 431; x_wconf 92' lang='lat' dir='ltr'>qui</span> 
     </span>
     <span class='ocr_line' id='line_1_5' title="bbox 20 447 2006 521; baseline -0.001 -17"><span class='ocrx_word' id='word_1_19' title='bbox 20 448 45 521; x_wconf 62' lang='lat' dir='ltr'>{s</span> <span class='ocrx_word' id='word_1_20' title='bbox 121 449 442 504; x_wconf 89' lang='lat' dir='ltr'>dilatauit</span> <span class='ocrx_word' id='word_1_21' title='bbox 490 451 814 516; x_wconf 78' lang='lat' dir='ltr'><strong>tamquam</strong></span> <span class='ocrx_word' id='word_1_22' title='bbox 863 448 1060 502; x_wconf 89' lang='lat' dir='ltr'>inferi</span> <span class='ocrx_word' id='word_1_23' title='bbox 1110 447 1391 501; x_wconf 90' lang='lat' dir='ltr'>animam</span> <span class='ocrx_word' id='word_1_24' title='bbox 1441 463 1634 501; x_wconf 90' lang='lat' dir='ltr'>suam.</span> <span class='ocrx_word' id='word_1_25' title='bbox 1686 450 1739 502; x_wconf 87' lang='lat' dir='ltr'>et</span> <span class='ocrx_word' id='word_1_26' title='bbox 1780 450 2006 502; x_wconf 83' lang='lat' dir='ltr'>iterum:</span> 
     </span>
     <span class='ocr_line' id='line_1_6' title="bbox 32 528 2005 613; baseline -0.001 -25"><span class='ocrx_word' id='word_1_27' title='bbox 32 528 37 538; x_wconf 44' lang='lat'>²</span> <span class='ocrx_word' id='word_1_28' title='bbox 120 536 182 588; x_wconf 91' lang='lat' dir='ltr'>et</span> <span class='ocrx_word' id='word_1_29' title='bbox 218 535 416 588; x_wconf 88' lang='lat' dir='ltr'>uerba</span> <span class='ocrx_word' id='word_1_30' title='bbox 451 534 582 613; x_wconf 78' lang='lat' dir='ltr'>uiri</span> <span class='ocrx_word' id='word_1_31' title='bbox 617 534 991 602; x_wconf 86' lang='lat' dir='ltr'>peccatoris</span> <span class='ocrx_word' id='word_1_32' title='bbox 1027 550 1100 587; x_wconf 92' lang='lat' dir='ltr'>ne</span> <span class='ocrx_word' id='word_1_33' title='bbox 1137 533 1533 597; x_wconf 77' lang='lat' dir='ltr'>timueritis,</span> <span class='ocrx_word' id='word_1_34' title='bbox 1586 533 1737 601; x_wconf 90' lang='lat' dir='ltr'>quia</span> <span class='ocrx_word' id='word_1_35' title='bbox 1783 534 2005 603; x_wconf 89' lang='lat' dir='ltr'>gloria</span> 
     </span>
     <span class='ocr_line' id='line_1_7' title="bbox 0 618 2006 701; baseline -0.001 -26"><span class='ocrx_word' id='word_1_36' title='bbox 0 688 2 701; x_wconf 25' lang='grc' dir='ltr'>Ι</span> <span class='ocrx_word' id='word_1_37' title='bbox 120 622 258 676; x_wconf 90' lang='lat' dir='ltr'>eius</span> <span class='ocrx_word' id='word_1_38' title='bbox 294 622 359 674; x_wconf 92' lang='lat' dir='ltr'>in</span> <span class='ocrx_word' id='word_1_39' title='bbox 395 621 688 674; x_wconf 75' lang='lat' dir='ltr'>stercora</span> <span class='ocrx_word' id='word_1_40' title='bbox 725 620 853 674; x_wconf 88' lang='lat' dir='ltr'>erit</span> <span class='ocrx_word' id='word_1_41' title='bbox 890 621 952 673; x_wconf 88' lang='lat' dir='ltr'>et</span> <span class='ocrx_word' id='word_1_42' title='bbox 988 620 1055 672; x_wconf 94' lang='lat' dir='ltr'>in</span> <span class='ocrx_word' id='word_1_43' title='bbox 1092 634 1359 672; x_wconf 86' lang='lat' dir='ltr'>uermes.</span> <span class='ocrx_word' id='word_1_44' title='bbox 1399 618 1591 672; x_wconf 90' lang='lat' dir='ltr'>hodie</span> <span class='ocrx_word' id='word_1_45' title='bbox 1637 619 2006 673; x_wconf 82' lang='lat' dir='ltr'>extolletur</span> 
     </span>
     <span class='ocr_line' id='line_1_8' title="bbox 85 705 2004 773; baseline -0.002 -11.17"><span class='ocrx_word' id='word_1_46' title='bbox 85 709 185 762; x_wconf 64' lang='lat' dir='ltr'>zet</span> <span class='ocrx_word' id='word_1_47' title='bbox 231 721 380 760; x_wconf 88' lang='lat' dir='ltr'>cras</span> <span class='ocrx_word' id='word_1_48' title='bbox 427 721 546 759; x_wconf 91' lang='lat' dir='ltr'>non</span> <span class='ocrx_word' id='word_1_49' title='bbox 590 706 996 760; x_wconf 90' lang='lat' dir='ltr'>inuenietur:</span> <span class='ocrx_word' id='word_1_50' title='bbox 1048 705 1352 773; x_wconf 89' lang='lat' dir='ltr'>quoniam</span> <span class='ocrx_word' id='word_1_51' title='bbox 1407 720 1765 758; x_wconf 88' lang='lat' dir='ltr'>conuersus</span> <span class='ocrx_word' id='word_1_52' title='bbox 1803 707 1902 758; x_wconf 90' lang='lat' dir='ltr'>est</span> <span class='ocrx_word' id='word_1_53' title='bbox 1940 705 2004 758; x_wconf 90' lang='lat' dir='ltr'>in</span> 
     </span>
     <span class='ocr_line' id='line_1_9' title="bbox 0 790 2001 862; baseline -0.002 -15"><span class='ocrx_word' id='word_1_54' title='bbox 0 817 23 828; x_wconf 88' lang='lat'>··</span> <span class='ocrx_word' id='word_1_55' title='bbox 116 796 353 847; x_wconf 88' lang='lat' dir='ltr'>terram</span> <span class='ocrx_word' id='word_1_56' title='bbox 379 808 575 861; x_wconf 87' lang='lat' dir='ltr'>suam,</span> <span class='ocrx_word' id='word_1_57' title='bbox 614 793 677 846; x_wconf 90' lang='lat' dir='ltr'>et</span> <span class='ocrx_word' id='word_1_58' title='bbox 702 791 1027 862; x_wconf 88' lang='lat' dir='ltr'>cogitatio</span> <span class='ocrx_word' id='word_1_59' title='bbox 1054 791 1194 845; x_wconf 90' lang='lat' dir='ltr'>eius</span> <span class='ocrx_word' id='word_1_60' title='bbox 1220 790 1488 859; x_wconf 86' lang='lat' dir='ltr'>peribit.</span> <span class='ocrx_word' id='word_1_61' title='bbox 1526 793 1579 844; x_wconf 92' lang='lat' dir='ltr'>et</span> <span class='ocrx_word' id='word_1_62' title='bbox 1605 791 1824 844; x_wconf 87' lang='lat' dir='ltr'>iterum:</span> <span class='ocrx_word' id='word_1_63' title='bbox 1852 790 2001 850; x_wconf 84' lang='lat' dir='ltr'>uidi</span> 
     </span>
     <span class='ocr_line' id='line_1_10' title="bbox 0 867 2007 951; baseline -0.002 -18"><span class='ocrx_word' id='word_1_64' title='bbox 0 867 29 951; x_wconf 64' lang='grc' dir='ltr'><em>ξ</em></span> <span class='ocrx_word' id='word_1_65' title='bbox 116 879 387 947; x_wconf 91' lang='lat' dir='ltr'>impium</span> <span class='ocrx_word' id='word_1_66' title='bbox 438 878 807 932; x_wconf 86' lang='lat' dir='ltr'>exaltatum</span> <span class='ocrx_word' id='word_1_67' title='bbox 857 879 919 932; x_wconf 93' lang='lat' dir='ltr'>et</span> <span class='ocrx_word' id='word_1_68' title='bbox 958 877 1196 931; x_wconf 84' lang='lat' dir='ltr'>extolli</span> <span class='ocrx_word' id='word_1_69' title='bbox 1234 891 1426 944; x_wconf 89' lang='lat' dir='ltr'>super</span> <span class='ocrx_word' id='word_1_70' title='bbox 1462 876 1688 929; x_wconf 86' lang='lat' dir='ltr'>cedros</span> <span class='ocrx_word' id='word_1_71' title='bbox 1735 875 2007 930; x_wconf 81' lang='lat' dir='ltr'>Libani:</span> 
     </span>
     <span class='ocr_line' id='line_1_11' title="bbox 0 961 1999 1068; baseline -0.002 -50"><span class='ocrx_word' id='word_1_72' title='bbox 0 961 30 1068; x_wconf 90' lang='grc' dir='ltr'>Ι</span> <span class='ocrx_word' id='word_1_73' title='bbox 118 966 179 1018; x_wconf 90' lang='lat' dir='ltr'>et</span> <span class='ocrx_word' id='word_1_74' title='bbox 228 965 542 1034; x_wconf 90' lang='lat' dir='ltr'>transiui,</span> <span class='ocrx_word' id='word_1_75' title='bbox 591 965 653 1018; x_wconf 90' lang='lat' dir='ltr'>et</span> <span class='ocrx_word' id='word_1_76' title='bbox 703 979 842 1019; x_wconf 89' lang='lat' dir='ltr'>ecce</span> <span class='ocrx_word' id='word_1_77' title='bbox 888 979 1008 1017; x_wconf 92' lang='lat' dir='ltr'>non</span> <span class='ocrx_word' id='word_1_78' title='bbox 1055 963 1205 1017; x_wconf 90' lang='lat' dir='ltr'>fuit.</span> <span class='ocrx_word' id='word_1_79' title='bbox 1261 965 1326 1017; x_wconf 88' lang='lat' dir='ltr'>et</span> <span class='ocrx_word' id='word_1_80' title='bbox 1374 962 1679 1031; x_wconf 91' lang='lat' dir='ltr'>quaesiui</span> <span class='ocrx_word' id='word_1_81' title='bbox 1726 978 1896 1027; x_wconf 91' lang='lat' dir='ltr'>eum,</span> <span class='ocrx_word' id='word_1_82' title='bbox 1936 963 1999 1015; x_wconf 90' lang='lat' dir='ltr'>et</span> 
     </span>
     <span class='ocr_line' id='line_1_12' title="bbox 0 1047 2005 1132; baseline -0.003 -25"><span class='ocrx_word' id='word_1_83' title='bbox 0 1051 35 1132; x_wconf 61' lang='grc' dir='ltr'>Ιῖᾉ</span> <span class='ocrx_word' id='word_1_84' title='bbox 116 1067 235 1105; x_wconf 90' lang='lat' dir='ltr'>non</span> <span class='ocrx_word' id='word_1_85' title='bbox 281 1052 380 1104; x_wconf 90' lang='lat' dir='ltr'>est</span> <span class='ocrx_word' id='word_1_86' title='bbox 425 1050 735 1104; x_wconf 88' lang='lat' dir='ltr'>inuentus</span> <span class='ocrx_word' id='word_1_87' title='bbox 771 1050 953 1102; x_wconf 92' lang='lat' dir='ltr'>locus</span> <span class='ocrx_word' id='word_1_88' title='bbox 992 1049 1146 1103; x_wconf 90' lang='lat' dir='ltr'>eius.</span> <span class='ocrx_word' id='word_1_89' title='bbox 1201 1049 1446 1102; x_wconf 87' lang='lat' dir='ltr'>exaltatio</span> <span class='ocrx_word' id='word_1_90' title='bbox 1485 1050 1538 1102; x_wconf 92' lang='lat' dir='ltr'>et</span> <span class='ocrx_word' id='word_1_91' title='bbox 1575 1047 1778 1102; x_wconf 88' lang='lat' dir='ltr'>inflatio</span> <span class='ocrx_word' id='word_1_92' title='bbox 1815 1049 1869 1101; x_wconf 92' lang='lat' dir='ltr'>et</span> <span class='ocrx_word' id='word_1_93' title='bbox 1908 1048 2005 1100; x_wconf 84' lang='lat' dir='ltr'>ad·</span> 
     </span>
     <span class='ocr_line' id='line_1_13' title="bbox 0 1127 2001 1214; baseline -0.001 -27"><span class='ocrx_word' id='word_1_94' title='bbox 0 1127 31 1214; x_wconf 47' lang='lat' dir='ltr'>gg?</span> <span class='ocrx_word' id='word_1_95' title='bbox 55 1153 101 1187; x_wconf 72' lang='grc' dir='ltr'>ιο</span> <span class='ocrx_word' id='word_1_96' title='bbox 115 1152 301 1206; x_wconf 86' lang='lat' dir='ltr'>rogans</span> <span class='ocrx_word' id='word_1_97' title='bbox 339 1153 398 1190; x_wconf 90' lang='lat' dir='ltr'>ac</span> <span class='ocrx_word' id='word_1_98' title='bbox 435 1136 653 1205; x_wconf 89' lang='lat' dir='ltr'>superba</span> <span class='ocrx_word' id='word_1_99' title='bbox 689 1135 900 1189; x_wconf 88' lang='lat' dir='ltr'>iactatio</span> <span class='ocrx_word' id='word_1_100' title='bbox 938 1152 1038 1190; x_wconf 91' lang='lat' dir='ltr'>non</span> <span class='ocrx_word' id='word_1_101' title='bbox 1076 1136 1139 1189; x_wconf 93' lang='lat' dir='ltr'>de</span> <span class='ocrx_word' id='word_1_102' title='bbox 1178 1134 1370 1189; x_wconf 81' lang='lat' dir='ltr'>Christi</span> <span class='ocrx_word' id='word_1_103' title='bbox 1408 1135 1731 1204; x_wconf 82' lang='lat' dir='ltr'>magisteriO,</span> <span class='ocrx_word' id='word_1_104' title='bbox 1772 1134 1862 1201; x_wconf 92' lang='lat' dir='ltr'>qui</span> <span class='ocrx_word' id='word_1_105' title='bbox 1899 1134 2001 1186; x_wconf 91' lang='lat' dir='ltr'>hu-</span> 
     </span>
     <span class='ocr_line' id='line_1_14' title="bbox 8 1212 2001 1302; baseline -0.002 -26"><span class='ocrx_word' id='word_1_106' title='bbox 8 1212 25 1302; x_wconf 64' lang='lat' dir='ltr'>{j</span> <span class='ocrx_word' id='word_1_107' title='bbox 114 1223 395 1276; x_wconf 86' lang='lat' dir='ltr'>militatem</span> <span class='ocrx_word' id='word_1_108' title='bbox 433 1223 596 1287; x_wconf 90' lang='lat' dir='ltr'>docet,</span> <span class='ocrx_word' id='word_1_109' title='bbox 635 1222 724 1276; x_wconf 91' lang='lat' dir='ltr'>sed</span> <span class='ocrx_word' id='word_1_110' title='bbox 751 1221 814 1275; x_wconf 92' lang='lat' dir='ltr'>de</span> <span class='ocrx_word' id='word_1_111' title='bbox 840 1221 1135 1275; x_wconf 85' lang='lat' dir='ltr'>antichristi</span> <span class='ocrx_word' id='word_1_112' title='bbox 1174 1222 1362 1290; x_wconf 89' lang='lat' dir='ltr'>spiritu</span> <span class='ocrx_word' id='word_1_113' title='bbox 1400 1222 1658 1290; x_wconf 86' lang='lat' dir='ltr'>nascitur,</span> <span class='ocrx_word' id='word_1_114' title='bbox 1699 1220 1783 1274; x_wconf 91' lang='lat' dir='ltr'>cui</span> <span class='ocrx_word' id='word_1_115' title='bbox 1818 1230 2001 1288; x_wconf 83' lang='lat' dir='ltr'>expro-</span> 
     </span>
     <span class='ocr_line' id='line_1_15' title="bbox 4 1302 2000 1378; baseline -0.002 -16.002"><span class='ocrx_word' id='word_1_116' title='bbox 4 1326 25 1345; x_wconf 39' lang='lat' dir='ltr'>k</span> <span class='ocrx_word' id='word_1_117' title='bbox 81 1302 232 1362; x_wconf 55' lang='lat' dir='ltr'>‘brat</span> <span class='ocrx_word' id='word_1_118' title='bbox 280 1324 370 1377; x_wconf 91' lang='lat' dir='ltr'>per</span> <span class='ocrx_word' id='word_1_119' title='bbox 416 1309 716 1378; x_wconf 89' lang='lat' dir='ltr'>prophetam</span> <span class='ocrx_word' id='word_1_120' title='bbox 763 1307 1017 1361; x_wconf 87' lang='lat' dir='ltr'>Dominus</span> <span class='ocrx_word' id='word_1_121' title='bbox 1066 1309 1118 1361; x_wconf 93' lang='lat' dir='ltr'>et</span> <span class='ocrx_word' id='word_1_122' title='bbox 1165 1308 1322 1361; x_wconf 89' lang='lat' dir='ltr'>dicit:</span> <span class='ocrx_word' id='word_1_123' title='bbox 1372 1308 1442 1360; x_wconf 91' lang='lat' dir='ltr'>tu</span> <span class='ocrx_word' id='word_1_124' title='bbox 1491 1308 1709 1361; x_wconf 90' lang='lat' dir='ltr'>autem</span> <span class='ocrx_word' id='word_1_125' title='bbox 1757 1305 2000 1359; x_wconf 84' lang='lat' dir='ltr'>dixisti</span> 
     </span>
     <span class='ocr_line' id='line_1_16' title="bbox 113 1392 2009 1460; baseline -0.001 -12.112"><span class='ocrx_word' id='word_1_126' title='bbox 113 1394 178 1448; x_wconf 90' lang='lat' dir='ltr'>in</span> <span class='ocrx_word' id='word_1_127' title='bbox 225 1395 431 1449; x_wconf 90' lang='lat' dir='ltr'>animo</span> <span class='ocrx_word' id='word_1_128' title='bbox 484 1396 618 1449; x_wconf 89' lang='lat' dir='ltr'>tuo:</span> <span class='ocrx_word' id='word_1_129' title='bbox 675 1396 739 1448; x_wconf 89' lang='lat' dir='ltr'>in</span> <span class='ocrx_word' id='word_1_130' title='bbox 795 1394 1042 1448; x_wconf 91' lang='lat' dir='ltr'>caelum</span> <span class='ocrx_word' id='word_1_131' title='bbox 1090 1394 1463 1458; x_wconf 82' lang='lat' dir='ltr'>ascendam,</span> <span class='ocrx_word' id='word_1_132' title='bbox 1516 1409 1707 1460; x_wconf 90' lang='lat' dir='ltr'>super</span> <span class='ocrx_word' id='word_1_133' title='bbox 1757 1392 2009 1446; x_wconf 46' lang='lat' dir='ltr'>stellas»</span> 
     </span>
     <span class='ocr_line' id='line_1_17' title="bbox 0 1471 2004 1549; baseline -0.001 -16"><span class='ocrx_word' id='word_1_134' title='bbox 0 1471 14 1548; x_wconf 98' lang='lat'><em>3</em></span> <span class='ocrx_word' id='word_1_135' title='bbox 114 1481 229 1533; x_wconf 88' lang='lat' dir='ltr'>Dei</span> <span class='ocrx_word' id='word_1_136' title='bbox 265 1495 491 1549; x_wconf 89' lang='lat' dir='ltr'>ponam</span> <span class='ocrx_word' id='word_1_137' title='bbox 529 1482 747 1534; x_wconf 90' lang='lat' dir='ltr'>sedem</span> <span class='ocrx_word' id='word_1_138' title='bbox 784 1497 1011 1545; x_wconf 92' lang='lat' dir='ltr'>meam,</span> <span class='ocrx_word' id='word_1_139' title='bbox 1054 1480 1379 1534; x_wconf 91' lang='lat' dir='ltr'>sedeboin</span> <span class='ocrx_word' id='word_1_140' title='bbox 1405 1481 1621 1533; x_wconf 88' lang='lat' dir='ltr'>monte</span> <span class='ocrx_word' id='word_1_141' title='bbox 1644 1479 1780 1532; x_wconf 91' lang='lat' dir='ltr'>alto</span> <span class='ocrx_word' id='word_1_142' title='bbox 1807 1493 2004 1546; x_wconf 88' lang='lat' dir='ltr'>super</span> 
     </span>
     <span class='ocr_line' id='line_1_18' title="bbox 0 1564 2005 1642; baseline -0.001 -23"><span class='ocrx_word' id='word_1_143' title='bbox 0 1613 25 1642; x_wconf 34' lang='grc' dir='ltr'>ι</span> <span class='ocrx_word' id='word_1_144' title='bbox 56 1568 369 1621; x_wconf 79' lang='lat' dir='ltr'>1⁵montes</span> <span class='ocrx_word' id='word_1_145' title='bbox 407 1567 581 1620; x_wconf 91' lang='lat' dir='ltr'>altos</span> <span class='ocrx_word' id='word_1_146' title='bbox 618 1567 684 1620; x_wconf 91' lang='lat' dir='ltr'>in</span> <span class='ocrx_word' id='word_1_147' title='bbox 722 1567 1123 1635; x_wconf 85' lang='lat' dir='ltr'>aquilonem,</span> <span class='ocrx_word' id='word_1_148' title='bbox 1163 1566 1513 1619; x_wconf 88' lang='lat' dir='ltr'>ascendam</span> <span class='ocrx_word' id='word_1_149' title='bbox 1552 1582 1745 1634; x_wconf 89' lang='lat' dir='ltr'>super</span> <span class='ocrx_word' id='word_1_150' title='bbox 1778 1564 2005 1633; x_wconf 79' lang='lat' dir='ltr'>nubeS,</span> 
     </span>
     <span class='ocr_line' id='line_1_19' title="bbox 116 1649 2005 1707; baseline -0.003 0"><span class='ocrx_word' id='word_1_151' title='bbox 116 1667 221 1707; x_wconf 91' lang='lat' dir='ltr'>ero</span> <span class='ocrx_word' id='word_1_152' title='bbox 278 1653 527 1707; x_wconf 91' lang='lat' dir='ltr'>similis</span> <span class='ocrx_word' id='word_1_153' title='bbox 582 1653 936 1707; x_wconf 77' lang='lat' dir='ltr'>altissimo,</span> <span class='ocrx_word' id='word_1_154' title='bbox 995 1653 1046 1705; x_wconf 90' lang='lat' dir='ltr'>et</span> <span class='ocrx_word' id='word_1_155' title='bbox 1093 1652 1295 1705; x_wconf 86' lang='lat' dir='ltr'>addidit</span> <span class='ocrx_word' id='word_1_156' title='bbox 1351 1651 1550 1705; x_wconf 88' lang='lat' dir='ltr'>dicens:</span> <span class='ocrx_word' id='word_1_157' title='bbox 1602 1653 1674 1704; x_wconf 91' lang='lat' dir='ltr'>tu</span> <span class='ocrx_word' id='word_1_158' title='bbox 1722 1665 1876 1704; x_wconf 90' lang='lat' dir='ltr'>uero</span> <span class='ocrx_word' id='word_1_159' title='bbox 1928 1649 2005 1702; x_wconf 88' lang='lat' dir='ltr'>ad</span> 
     </span>
     <span class='ocr_line' id='line_1_20' title="bbox 114 1735 2001 1805; baseline -0.002 -12"><span class='ocrx_word' id='word_1_160' title='bbox 114 1739 373 1793; x_wconf 85' lang='lat' dir='ltr'>inferos</span> <span class='ocrx_word' id='word_1_161' title='bbox 441 1740 790 1793; x_wconf 86' lang='lat' dir='ltr'>descendes</span> <span class='ocrx_word' id='word_1_162' title='bbox 854 1739 919 1792; x_wconf 91' lang='lat' dir='ltr'>in</span> <span class='ocrx_word' id='word_1_163' title='bbox 974 1739 1400 1791; x_wconf 89' lang='lat' dir='ltr'>fundamenta</span> <span class='ocrx_word' id='word_1_164' title='bbox 1466 1740 1706 1805; x_wconf 82' lang='lat' dir='ltr'>terrae:</span> <span class='ocrx_word' id='word_1_165' title='bbox 1770 1738 1838 1790; x_wconf 36' lang='lat' dir='ltr'>*et</span> <span class='ocrx_word' id='word_1_166' title='bbox 1891 1735 2001 1803; x_wconf 89' lang='lat' dir='ltr'>qui</span> 
     </span>
     <span class='ocr_line' id='line_1_21' title="bbox 118 1812 2002 1891; baseline -0.002 -14"><span class='ocrx_word' id='word_1_167' title='bbox 118 1812 443 1879; x_wconf 91' lang='lat' dir='ltr'>uidebunt</span> <span class='ocrx_word' id='word_1_168' title='bbox 498 1827 585 1890; x_wconf 88' lang='lat' dir='ltr'>te,</span> <span class='ocrx_word' id='word_1_169' title='bbox 642 1824 1061 1878; x_wconf 86' lang='lat' dir='ltr'>mirabuntur</span> <span class='ocrx_word' id='word_1_170' title='bbox 1117 1840 1307 1891; x_wconf 89' lang='lat' dir='ltr'>super</span> <span class='ocrx_word' id='word_1_171' title='bbox 1366 1826 1442 1876; x_wconf 88' lang='lat' dir='ltr'>te.</span> <span class='ocrx_word' id='word_1_172' title='bbox 1512 1824 1647 1876; x_wconf 89' lang='lat' dir='ltr'>unde</span> <span class='ocrx_word' id='word_1_173' title='bbox 1709 1824 1762 1876; x_wconf 89' lang='lat' dir='ltr'>et</span> <span class='ocrx_word' id='word_1_174' title='bbox 1822 1838 2002 1890; x_wconf 88' lang='lat' dir='ltr'>parem</span> 
     </span>
     <span class='ocr_line' id='line_1_22' title="bbox 113 1908 1995 1979; baseline -0.001 -17"><span class='ocrx_word' id='word_1_175' title='bbox 113 1910 308 1963; x_wconf 90' lang='lat' dir='ltr'>talibus</span> <span class='ocrx_word' id='word_1_176' title='bbox 345 1925 561 1978; x_wconf 89' lang='lat' dir='ltr'>poenam</span> <span class='ocrx_word' id='word_1_177' title='bbox 600 1911 854 1979; x_wconf 90' lang='lat' dir='ltr'>scriptura</span> <span class='ocrx_word' id='word_1_178' title='bbox 893 1910 1069 1963; x_wconf 88' lang='lat' dir='ltr'>diuina</span> <span class='ocrx_word' id='word_1_179' title='bbox 1105 1910 1215 1963; x_wconf 93' lang='lat' dir='ltr'>loco</span> <span class='ocrx_word' id='word_1_180' title='bbox 1254 1910 1355 1962; x_wconf 89' lang='lat' dir='ltr'>alio</span> <span class='ocrx_word' id='word_1_181' title='bbox 1393 1910 1737 1963; x_wconf 88' lang='lat' dir='ltr'>comminatur</span> <span class='ocrx_word' id='word_1_182' title='bbox 1763 1911 1816 1962; x_wconf 91' lang='lat' dir='ltr'>et</span> <span class='ocrx_word' id='word_1_183' title='bbox 1841 1908 1995 1961; x_wconf 88' lang='lat' dir='ltr'>dicit:</span> 
     </span>
     <span class='ocr_line' id='line_1_23' title="bbox 0 1987 2001 2065; baseline -0 -15"><span class='ocrx_word' id='word_1_184' title='bbox 0 1987 28 2040; x_wconf 65' lang='lat'>&#39;‘-</span> <span class='ocrx_word' id='word_1_185' title='bbox 57 1997 256 2052; x_wconf 78' lang='lat' dir='ltr'>2odies</span> <span class='ocrx_word' id='word_1_186' title='bbox 295 1999 463 2051; x_wconf 89' lang='lat' dir='ltr'>enim</span> <span class='ocrx_word' id='word_1_187' title='bbox 487 1999 746 2052; x_wconf 90' lang='lat' dir='ltr'>Domini</span> <span class='ocrx_word' id='word_1_188' title='bbox 784 1998 1070 2051; x_wconf 85' lang='lat' dir='ltr'>Sabaoth</span> <span class='ocrx_word' id='word_1_189' title='bbox 1108 2013 1296 2065; x_wconf 89' lang='lat' dir='ltr'>super</span> <span class='ocrx_word' id='word_1_190' title='bbox 1333 2014 1576 2051; x_wconf 90' lang='lat' dir='ltr'>omnem</span> <span class='ocrx_word' id='word_1_191' title='bbox 1602 1997 2001 2050; x_wconf 86' lang='lat' dir='ltr'>iniuriosum</span> 
     </span>
     <span class='ocr_line' id='line_1_24' title="bbox 15 2075 2004 2153; baseline -0.001 -15"><span class='ocrx_word' id='word_1_192' title='bbox 15 2075 17 2088; x_wconf 55' lang='lat'>³</span> <span class='ocrx_word' id='word_1_193' title='bbox 116 2084 181 2138; x_wconf 88' lang='lat' dir='ltr'>et</span> <span class='ocrx_word' id='word_1_194' title='bbox 227 2085 582 2152; x_wconf 89' lang='lat' dir='ltr'>superbum</span> <span class='ocrx_word' id='word_1_195' title='bbox 627 2086 695 2137; x_wconf 80' lang='lat' dir='ltr'>et</span> <span class='ocrx_word' id='word_1_196' title='bbox 743 2101 934 2153; x_wconf 89' lang='lat' dir='ltr'>super</span> <span class='ocrx_word' id='word_1_197' title='bbox 982 2101 1224 2138; x_wconf 91' lang='lat' dir='ltr'>omnem</span> <span class='ocrx_word' id='word_1_198' title='bbox 1273 2084 1512 2137; x_wconf 87' lang='lat' dir='ltr'>elatum</span> <span class='ocrx_word' id='word_1_199' title='bbox 1552 2084 1613 2136; x_wconf 89' lang='lat' dir='ltr'>et</span> <span class='ocrx_word' id='word_1_200' title='bbox 1652 2084 2004 2137; x_wconf 90' lang='lat' dir='ltr'>excelsum.</span> 
     </span>
     <span class='ocr_line' id='line_1_25' title="bbox 118 2169 2000 2238; baseline -0.001 -16"><span class='ocrx_word' id='word_1_201' title='bbox 118 2170 179 2222; x_wconf 89' lang='lat' dir='ltr'>de</span> <span class='ocrx_word' id='word_1_202' title='bbox 229 2185 313 2223; x_wconf 90' lang='lat' dir='ltr'>ore</span> <span class='ocrx_word' id='word_1_203' title='bbox 358 2171 533 2238; x_wconf 90' lang='lat' dir='ltr'>itaque</span> <span class='ocrx_word' id='word_1_204' title='bbox 571 2187 629 2224; x_wconf 92' lang='lat' dir='ltr'>ac</span> <span class='ocrx_word' id='word_1_205' title='bbox 668 2171 729 2223; x_wconf 90' lang='lat' dir='ltr'>de</span> <span class='ocrx_word' id='word_1_206' title='bbox 767 2170 939 2223; x_wconf 89' lang='lat' dir='ltr'>uerbis</span> <span class='ocrx_word' id='word_1_207' title='bbox 987 2171 1095 2223; x_wconf 89' lang='lat' dir='ltr'>suis</span> <span class='ocrx_word' id='word_1_208' title='bbox 1133 2170 1487 2237; x_wconf 87' lang='lat' dir='ltr'>unusquisque</span> <span class='ocrx_word' id='word_1_209' title='bbox 1526 2169 1709 2223; x_wconf 88' lang='lat' dir='ltr'>statim</span> <span class='ocrx_word' id='word_1_210' title='bbox 1746 2169 2000 2237; x_wconf 85' lang='lat' dir='ltr'>proditur,</span> 
     </span>
     <span class='ocr_line' id='line_1_26' title="bbox 116 2255 2001 2319; baseline -0.001 -11"><span class='ocrx_word' id='word_1_211' title='bbox 116 2257 168 2308; x_wconf 89' lang='lat' dir='ltr'>et</span> <span class='ocrx_word' id='word_1_212' title='bbox 204 2256 382 2309; x_wconf 91' lang='lat' dir='ltr'>utrum</span> <span class='ocrx_word' id='word_1_213' title='bbox 418 2255 683 2309; x_wconf 88' lang='lat' dir='ltr'>Christum</span> <span class='ocrx_word' id='word_1_214' title='bbox 721 2257 776 2309; x_wconf 89' lang='lat' dir='ltr'>in</span> <span class='ocrx_word' id='word_1_215' title='bbox 814 2256 963 2310; x_wconf 88' lang='lat' dir='ltr'>corde</span> <span class='ocrx_word' id='word_1_216' title='bbox 1003 2273 1093 2310; x_wconf 90' lang='lat' dir='ltr'>suo</span> <span class='ocrx_word' id='word_1_217' title='bbox 1133 2272 1197 2309; x_wconf 89' lang='lat' dir='ltr'>an</span> <span class='ocrx_word' id='word_1_218' title='bbox 1234 2271 1354 2308; x_wconf 89' lang='lat' dir='ltr'>uero</span> <span class='ocrx_word' id='word_1_219' title='bbox 1393 2256 1760 2308; x_wconf 85' lang='lat' dir='ltr'>antichristum</span> <span class='ocrx_word' id='word_1_220' title='bbox 1798 2255 2001 2319; x_wconf 87' lang='lat' dir='ltr'>habeat,</span> 
     </span>
    </p>
   </div>
   <div class='ocr_carea' id='block_1_2' title="bbox 114 2342 2004 2412">
    <p class='ocr_par' dir='ltr' id='par_1_4' title="bbox 114 2342 2004 2412">
     <span class='ocr_line' id='line_1_27' title="bbox 114 2342 2004 2412; baseline 0 -18"><span class='ocrx_word' id='word_1_221' title='bbox 114 2342 365 2410; x_wconf 87' lang='lat' dir='ltr'>loquendo</span> <span class='ocrx_word' id='word_1_222' title='bbox 406 2344 683 2411; x_wconf 85' lang='lat' dir='ltr'>detegitur,</span> <span class='ocrx_word' id='word_1_223' title='bbox 723 2343 1002 2396; x_wconf 85' lang='lat' dir='ltr'>secundum</span> <span class='ocrx_word' id='word_1_224' title='bbox 1042 2345 1179 2410; x_wconf 87' lang='lat' dir='ltr'>quod</span> <span class='ocrx_word' id='word_1_225' title='bbox 1217 2343 1472 2396; x_wconf 87' lang='lat' dir='ltr'>Dominus</span> <span class='ocrx_word' id='word_1_226' title='bbox 1510 2344 1564 2395; x_wconf 90' lang='lat' dir='ltr'>in</span> <span class='ocrx_word' id='word_1_227' title='bbox 1604 2343 1873 2412; x_wconf 88' lang='lat' dir='ltr'>euangelio</span> <span class='ocrx_word' id='word_1_228' title='bbox 1913 2356 2004 2395; x_wconf 91' lang='lat' dir='ltr'>suo</span> 
     </span>
    </p>
   </div>
   <div class='ocr_carea' id='block_1_3' title="bbox 0 1542 19 1663">
    <p class='ocr_par' dir='ltr' id='par_1_5' title="bbox 0 1542 19 1663">
     <span class='ocr_line' id='line_1_28' title="bbox 0 1542 19 1663; textangle 90"><span class='ocrx_word' id='word_1_229' title='bbox 0 1626 13 1663; x_wconf 47' lang='grc' dir='ltr'>*κ</span> <span class='ocrx_word' id='word_1_230' title='bbox 2 1542 19 1565; x_wconf 49' lang='grc' dir='ltr'>τε</span> 
     </span>
    </p>
   </div>
   <div class='ocr_carea' id='block_1_4' title="bbox 0 1664 31 1978">
    <p class='ocr_par' dir='ltr' id='par_1_6' title="bbox 0 1664 31 1978">
     <span class='ocr_line' id='line_1_29' title="bbox 0 1664 31 1978; textangle 90"><span class='ocrx_word' id='word_1_231' title='bbox 0 1963 13 1978; x_wconf 68' lang='grc' dir='ltr'>’ξι</span> <span class='ocrx_word' id='word_1_232' title='bbox 0 1910 11 1938; x_wconf 63' lang='lat'>3·-</span> <span class='ocrx_word' id='word_1_233' title='bbox 0 1758 17 1892; x_wconf 53' lang='grc' dir='ltr'>Ὑισῦῖιτὲζ</span> <span class='ocrx_word' id='word_1_234' title='bbox 0 1664 31 1755; x_wconf 42' lang='grc' dir='ltr'>ἲῑξῖξι</span> 
     </span>
    </p>
   </div>
   <div class='ocr_carea' id='block_1_5' title="bbox 114 2512 1997 2637">
    <p class='ocr_par' dir='ltr' id='par_1_7' title="bbox 114 2512 1997 2637">
     <span class='ocr_line' id='line_1_30' title="bbox 282 2512 1997 2565; baseline 0 -9"><span class='ocrx_word' id='word_1_235' title='bbox 282 2512 310 2556; x_wconf 88' lang='lat'><strong>3</strong></span> <span class='ocrx_word' id='word_1_236' title='bbox 340 2512 363 2556; x_wconf 96' lang='lat' dir='ltr'>I</span> <span class='ocrx_word' id='word_1_237' title='bbox 392 2513 528 2557; x_wconf 81' lang='lat' dir='ltr'>Mace.</span> <span class='ocrx_word' id='word_1_238' title='bbox 561 2514 602 2565; x_wconf 91' lang='grc'>2,</span> <span class='ocrx_word' id='word_1_239' title='bbox 633 2513 701 2558; x_wconf 87' lang='grc'>62.</span> <span class='ocrx_word' id='word_1_240' title='bbox 734 2513 802 2557; x_wconf 85' lang='grc'>63.</span> <span class='ocrx_word' id='word_1_241' title='bbox 943 2515 970 2556; x_wconf 91' lang='grc'><strong>6</strong></span> <span class='ocrx_word' id='word_1_242' title='bbox 1001 2514 1072 2557; x_wconf 88' lang='lat' dir='ltr'>Ps.</span> <span class='ocrx_word' id='word_1_243' title='bbox 1105 2513 1175 2565; x_wconf 84' lang='lat'>36,</span> <span class='ocrx_word' id='word_1_244' title='bbox 1212 2513 1280 2556; x_wconf 85' lang='lat'>35.</span> <span class='ocrx_word' id='word_1_245' title='bbox 1312 2514 1381 2557; x_wconf 88' lang='lat'>36.</span> <span class='ocrx_word' id='word_1_246' title='bbox 1522 2514 1576 2556; x_wconf 84' lang='lat'>12</span> <span class='ocrx_word' id='word_1_247' title='bbox 1607 2514 1678 2556; x_wconf 82' lang='lat' dir='ltr'>Es.</span> <span class='ocrx_word' id='word_1_248' title='bbox 1713 2514 1779 2565; x_wconf 88' lang='lat'>14,</span> <span class='ocrx_word' id='word_1_249' title='bbox 1813 2513 1997 2557; x_wconf 86' lang='lat'>13-16.</span> 
     </span>
     <span class='ocr_line' id='line_1_31' title="bbox 114 2584 454 2637; baseline 0.003 -10"><span class='ocrx_word' id='word_1_250' title='bbox 114 2584 173 2628; x_wconf 90' lang='grc'>20</span> <span class='ocrx_word' id='word_1_251' title='bbox 207 2584 280 2628; x_wconf 77' lang='lat' dir='ltr'>Es,</span> <span class='ocrx_word' id='word_1_252' title='bbox 311 2584 353 2637; x_wconf 85' lang='grc'>2,</span> <span class='ocrx_word' id='word_1_253' title='bbox 387 2585 454 2628; x_wconf 91' lang='grc'>12.</span> 
     </span>
    </p>
   </div>
   <div class='ocr_carea' id='block_1_6' title="bbox 112 2726 2005 3571">
    <p class='ocr_par' dir='ltr' id='par_1_8' title="bbox 112 2726 2005 3571">
     <span class='ocr_line' id='line_1_32' title="bbox 204 2726 2005 2785; baseline 0.001 -16"><span class='ocrx_word' id='word_1_254' title='bbox 204 2727 229 2769; x_wconf 95' lang='grc'>1</span> <span class='ocrx_word' id='word_1_255' title='bbox 250 2726 450 2783; x_wconf 86' lang='lat' dir='ltr'>perficiet</span> <span class='ocrx_word' id='word_1_256' title='bbox 471 2728 606 2785; x_wconf 91' lang='lat' dir='ltr'>LPQ</span> <span class='ocrx_word' id='word_1_257' title='bbox 793 2728 821 2772; x_wconf 82' lang='lat'><strong>2</strong></span> <span class='ocrx_word' id='word_1_258' title='bbox 842 2727 1058 2772; x_wconf 87' lang='lat' dir='ltr'>dilatabit</span> <span class='ocrx_word' id='word_1_259' title='bbox 1082 2728 1119 2785; x_wconf 96' lang='lat' dir='ltr'><em>Q</em></span> <span class='ocrx_word' id='word_1_260' title='bbox 1307 2728 1440 2771; x_wconf 83' lang='lat' dir='ltr'>inferi</span> <span class='ocrx_word' id='word_1_261' title='bbox 1468 2728 1728 2785; x_wconf 80' lang='lat' dir='ltr'><em>C¹LQRV‚</em></span> <span class='ocrx_word' id='word_1_262' title='bbox 1752 2728 1923 2772; x_wconf 87' lang='lat' dir='ltr'>inferus</span> <span class='ocrx_word' id='word_1_263' title='bbox 1945 2729 2005 2781; x_wconf 81' lang='lat' dir='ltr'>P,</span> 
     </span>
     <span class='ocr_line' id='line_1_33' title="bbox 114 2797 2002 2858; baseline 0.001 -17"><span class='ocrx_word' id='word_1_264' title='bbox 114 2797 335 2842; x_wconf 86' lang='lat' dir='ltr'>infernum</span> <span class='ocrx_word' id='word_1_265' title='bbox 358 2800 433 2852; x_wconf 57' lang='grc' dir='ltr'>Οἳ,</span> <span class='ocrx_word' id='word_1_266' title='bbox 455 2799 655 2843; x_wconf 87' lang='lat' dir='ltr'>infernus</span> <span class='ocrx_word' id='word_1_267' title='bbox 676 2814 703 2845; x_wconf 83' lang='lat' dir='ltr'><strong><em>v</em></strong></span> <span class='ocrx_word' id='word_1_268' title='bbox 817 2800 845 2843; x_wconf 87' lang='lat'><strong>3</strong></span> <span class='ocrx_word' id='word_1_269' title='bbox 867 2813 893 2843; x_wconf 87' lang='lat' dir='ltr'>a</span> <span class='ocrx_word' id='word_1_270' title='bbox 912 2799 1061 2843; x_wconf 84' lang='lat' dir='ltr'>uerbis</span> <span class='ocrx_word' id='word_1_271' title='bbox 1086 2799 1178 2853; x_wconf 78' lang='lat' dir='ltr'>GR,</span> <span class='ocrx_word' id='word_1_272' title='bbox 1201 2812 1227 2843; x_wconf 84' lang='lat' dir='ltr'>a</span> <span class='ocrx_word' id='word_1_273' title='bbox 1243 2800 1381 2844; x_wconf 85' lang='lat' dir='ltr'>uerba</span> <span class='ocrx_word' id='word_1_274' title='bbox 1397 2800 1467 2853; x_wconf 88' lang='lat' dir='ltr'>M,</span> <span class='ocrx_word' id='word_1_275' title='bbox 1488 2822 1508 2845; x_wconf 62' lang='grc' dir='ltr'>,ιι</span> <span class='ocrx_word' id='word_1_276' title='bbox 1529 2801 1665 2844; x_wconf 87' lang='lat' dir='ltr'>uerba</span> <span class='ocrx_word' id='word_1_277' title='bbox 1684 2800 1722 2858; x_wconf 98' lang='lat' dir='ltr'><em>Q</em></span> <span class='ocrx_word' id='word_1_278' title='bbox 1837 2800 2002 2843; x_wconf 85' lang='lat' dir='ltr'>timue·</span> 
     </span>
     <span class='ocr_line' id='line_1_34' title="bbox 114 2869 2002 2928; baseline 0.002 -15"><span class='ocrx_word' id='word_1_279' title='bbox 114 2869 178 2913; x_wconf 89' lang='lat' dir='ltr'>ris</span> <span class='ocrx_word' id='word_1_280' title='bbox 205 2870 243 2915; x_wconf 79' lang='grc'><em>0</em></span> <span class='ocrx_word' id='word_1_281' title='bbox 400 2872 430 2914; x_wconf 82' lang='lat'>4</span> <span class='ocrx_word' id='word_1_282' title='bbox 449 2870 497 2914; x_wconf 89' lang='lat' dir='ltr'>in</span> <span class='ocrx_word' id='word_1_283' title='bbox 518 2884 634 2915; x_wconf 78' lang='lat' dir='ltr'>corr.</span> <span class='ocrx_word' id='word_1_284' title='bbox 656 2872 709 2915; x_wconf 76' lang='lat' dir='ltr'>in</span> <span class='ocrx_word' id='word_1_285' title='bbox 730 2873 782 2915; x_wconf 83' lang='lat' dir='ltr'>ut</span> <span class='ocrx_word' id='word_1_286' title='bbox 809 2871 846 2916; x_wconf 77' lang='grc' dir='ltr'><em>Ο</em></span> <span class='ocrx_word' id='word_1_287' title='bbox 1004 2873 1194 2915; x_wconf 89' lang='lat' dir='ltr'>stercore</span> <span class='ocrx_word' id='word_1_288' title='bbox 1214 2871 1318 2928; x_wconf 91' lang='lat' dir='ltr'>PQ,</span> <span class='ocrx_word' id='word_1_289' title='bbox 1340 2873 1512 2916; x_wconf 85' lang='lat' dir='ltr'>statera</span> <span class='ocrx_word' id='word_1_290' title='bbox 1534 2872 1579 2915; x_wconf 89' lang='lat' dir='ltr'><strong><em>L</em></strong></span> <span class='ocrx_word' id='word_1_291' title='bbox 1737 2870 1785 2915; x_wconf 90' lang='lat' dir='ltr'>in</span> <span class='ocrx_word' id='word_1_292' title='bbox 1808 2886 1924 2916; x_wconf 79' lang='lat' dir='ltr'>corr.</span> <span class='ocrx_word' id='word_1_293' title='bbox 1947 2873 2002 2916; x_wconf 73' lang='lat' dir='ltr'>in</span> 
     </span>
     <span class='ocr_line' id='line_1_35' title="bbox 114 2937 2002 3000; baseline 0.001 -15"><span class='ocrx_word' id='word_1_294' title='bbox 114 2943 168 2985; x_wconf 78' lang='lat' dir='ltr'>ut</span> <span class='ocrx_word' id='word_1_295' title='bbox 193 2937 231 2986; x_wconf 81' lang='lat' dir='ltr'><strong><em>G</em></strong></span> <span class='ocrx_word' id='word_1_296' title='bbox 361 2942 524 2986; x_wconf 91' lang='lat' dir='ltr'>uermis</span> <span class='ocrx_word' id='word_1_297' title='bbox 552 2942 591 2987; x_wconf 79' lang='lat' dir='ltr'><strong><em>G</em></strong></span> <span class='ocrx_word' id='word_1_298' title='bbox 722 2943 953 2987; x_wconf 85' lang='lat' dir='ltr'>extollitur</span> <span class='ocrx_word' id='word_1_299' title='bbox 981 2942 1120 2989; x_wconf 83' lang='lat' dir='ltr'><em>0²Rv</em></span> <span class='ocrx_word' id='word_1_300' title='bbox 1255 2944 1283 2987; x_wconf 88' lang='lat'>8</span> <span class='ocrx_word' id='word_1_301' title='bbox 1302 2943 1497 2987; x_wconf 80' lang='lat' dir='ltr'>transibi</span> <span class='ocrx_word' id='word_1_302' title='bbox 1520 2943 1610 3000; x_wconf 91' lang='lat' dir='ltr'>LQ</span> <span class='ocrx_word' id='word_1_303' title='bbox 1746 2944 1801 2987; x_wconf 90' lang='grc'>10</span> <span class='ocrx_word' id='word_1_304' title='bbox 1821 2943 2002 3000; x_wconf 84' lang='lat' dir='ltr'>superbi</span> 
     </span>
     <span class='ocr_line' id='line_1_36' title="bbox 112 3012 2003 3072; baseline 0.003 -17"><span class='ocrx_word' id='word_1_305' title='bbox 112 3012 300 3065; x_wconf 83' lang='lat' dir='ltr'>iactatio</span> <span class='ocrx_word' id='word_1_306' title='bbox 329 3013 405 3065; x_wconf 78' lang='lat'>0¹,</span> <span class='ocrx_word' id='word_1_307' title='bbox 429 3014 742 3069; x_wconf 87' lang='lat' dir='ltr'>superiactatio</span> <span class='ocrx_word' id='word_1_308' title='bbox 768 3014 806 3072; x_wconf 92' lang='lat' dir='ltr'><em>Q</em></span> <span class='ocrx_word' id='word_1_309' title='bbox 969 3015 1023 3058; x_wconf 89' lang='lat'>11</span> <span class='ocrx_word' id='word_1_310' title='bbox 1045 3014 1098 3059; x_wconf 89' lang='lat' dir='ltr'>de</span> <span class='ocrx_word' id='word_1_311' title='bbox 1119 3015 1164 3060; x_wconf 86' lang='lat' dir='ltr'><em>R</em></span> <span class='ocrx_word' id='word_1_312' title='bbox 1183 3029 1216 3059; x_wconf 84' lang='lat' dir='ltr'>s.</span> <span class='ocrx_word' id='word_1_313' title='bbox 1241 3016 1267 3058; x_wconf 80' lang='lat' dir='ltr'>l.</span> <span class='ocrx_word' id='word_1_314' title='bbox 1431 3015 1594 3072; x_wconf 81' lang='lat' dir='ltr'>spiritu</span> <span class='ocrx_word' id='word_1_315' title='bbox 1616 3028 1696 3060; x_wconf 85' lang='lat' dir='ltr'>om.</span> <span class='ocrx_word' id='word_1_316' title='bbox 1721 3016 1767 3061; x_wconf 84' lang='lat' dir='ltr'><em>R</em></span> <span class='ocrx_word' id='word_1_317' title='bbox 1786 3016 1839 3060; x_wconf 77' lang='lat' dir='ltr'>in</span> <span class='ocrx_word' id='word_1_318' title='bbox 1859 3029 1949 3059; x_wconf 80' lang='lat' dir='ltr'>ras.</span> <span class='ocrx_word' id='word_1_319' title='bbox 1972 3018 2003 3060; x_wconf 76' lang='lat'><strong><em>2</em></strong></span> 
     </span>
     <span class='ocr_line' id='line_1_37' title="bbox 114 3083 1999 3155; baseline 0.002 -28"><span class='ocrx_word' id='word_1_320' title='bbox 114 3084 209 3155; x_wconf 51' lang='lat' dir='ltr'>‘Q</span> <span class='ocrx_word' id='word_1_321' title='bbox 319 3084 396 3140; x_wconf 89' lang='lat' dir='ltr'>qui</span> <span class='ocrx_word' id='word_1_322' title='bbox 417 3083 474 3140; x_wconf 88' lang='lat' dir='ltr'>Q¹</span> <span class='ocrx_word' id='word_1_323' title='bbox 504 3085 594 3141; x_wconf 88' lang='lat' dir='ltr'>(cui</span> <span class='ocrx_word' id='word_1_324' title='bbox 613 3085 674 3128; x_wconf 89' lang='lat' dir='ltr'><em>M</em></span> <span class='ocrx_word' id='word_1_325' title='bbox 678 3085 763 3143; x_wconf 80' lang='lat' dir='ltr'>Q2)</span> <span class='ocrx_word' id='word_1_326' title='bbox 897 3086 1111 3143; x_wconf 88' lang='lat' dir='ltr'>exprobat</span> <span class='ocrx_word' id='word_1_327' title='bbox 1133 3087 1184 3144; x_wconf 88' lang='lat' dir='ltr'>Q,</span> <span class='ocrx_word' id='word_1_328' title='bbox 1205 3087 1471 3143; x_wconf 86' lang='lat' dir='ltr'>exprobrant</span> <span class='ocrx_word' id='word_1_329' title='bbox 1493 3087 1530 3132; x_wconf 79' lang='grc' dir='ltr'><em>Ο</em></span> <span class='ocrx_word' id='word_1_330' title='bbox 1538 3090 1551 3115; x_wconf 84' lang='lat'>¹</span> <span class='ocrx_word' id='word_1_331' title='bbox 1673 3087 1728 3130; x_wconf 89' lang='grc'>12</span> <span class='ocrx_word' id='word_1_332' title='bbox 1748 3087 1854 3130; x_wconf 87' lang='lat' dir='ltr'>deus</span> <span class='ocrx_word' id='word_1_333' title='bbox 1875 3089 1920 3131; x_wconf 83' lang='lat' dir='ltr'>et</span> <span class='ocrx_word' id='word_1_334' title='bbox 1942 3087 1999 3140; x_wconf 83' lang='lat' dir='ltr'>R,</span> 
     </span>
     <span class='ocr_line' id='line_1_38' title="bbox 115 3153 2003 3215; baseline 0.002 -17"><span class='ocrx_word' id='word_1_335' title='bbox 115 3153 198 3198; x_wconf 87' lang='lat' dir='ltr'>dns</span> <span class='ocrx_word' id='word_1_336' title='bbox 221 3155 260 3213; x_wconf 95' lang='lat' dir='ltr'><em>Q</em></span> <span class='ocrx_word' id='word_1_337' title='bbox 432 3156 580 3201; x_wconf 87' lang='lat' dir='ltr'>dicens</span> <span class='ocrx_word' id='word_1_338' title='bbox 601 3158 661 3201; x_wconf 88' lang='lat' dir='ltr'><em>M</em></span> <span class='ocrx_word' id='word_1_339' title='bbox 666 3159 683 3183; x_wconf 76' lang='lat'><strong>²</strong></span> <span class='ocrx_word' id='word_1_340' title='bbox 708 3158 838 3214; x_wconf 88' lang='lat' dir='ltr'>(dicit</span> <span class='ocrx_word' id='word_1_341' title='bbox 858 3159 920 3202; x_wconf 88' lang='grc' dir='ltr'><strong>Μ</strong></span> <span class='ocrx_word' id='word_1_342' title='bbox 923 3163 933 3186; x_wconf 93' lang='lat'><strong>¹</strong></span> <span class='ocrx_word' id='word_1_343' title='bbox 951 3158 1003 3215; x_wconf 91' lang='lat' dir='ltr'>Q)</span> <span class='ocrx_word' id='word_1_344' title='bbox 1180 3159 1234 3203; x_wconf 86' lang='lat'>13</span> <span class='ocrx_word' id='word_1_345' title='bbox 1254 3159 1302 3202; x_wconf 91' lang='lat' dir='ltr'>in</span> <span class='ocrx_word' id='word_1_346' title='bbox 1323 3159 1471 3202; x_wconf 87' lang='lat' dir='ltr'>animo</span> <span class='ocrx_word' id='word_1_347' title='bbox 1496 3160 1574 3201; x_wconf 88' lang='lat' dir='ltr'>tuo</span> <span class='ocrx_word' id='word_1_348' title='bbox 1595 3158 1708 3202; x_wconf 89' lang='lat' dir='ltr'>dicis</span> <span class='ocrx_word' id='word_1_349' title='bbox 1738 3159 1774 3203; x_wconf 83' lang='grc' dir='ltr'><em>Ο</em></span> <span class='ocrx_word' id='word_1_350' title='bbox 1789 3158 1869 3202; x_wconf 84' lang='lat' dir='ltr'>sed</span> <span class='ocrx_word' id='word_1_351' title='bbox 1890 3158 2003 3201; x_wconf 89' lang='lat' dir='ltr'>dicis</span> 
     </span>
     <span class='ocr_line' id='line_1_39' title="bbox 114 3228 2000 3288; baseline 0.001 -18"><span class='ocrx_word' id='word_1_352' title='bbox 114 3239 149 3271; x_wconf 85' lang='lat' dir='ltr'>s.</span> <span class='ocrx_word' id='word_1_353' title='bbox 172 3228 200 3271; x_wconf 82' lang='lat' dir='ltr'>l.</span> <span class='ocrx_word' id='word_1_354' title='bbox 318 3229 374 3272; x_wconf 89' lang='lat'>14</span> <span class='ocrx_word' id='word_1_355' title='bbox 393 3229 538 3285; x_wconf 87' lang='lat' dir='ltr'>super]</span> <span class='ocrx_word' id='word_1_356' title='bbox 559 3230 607 3272; x_wconf 92' lang='lat' dir='ltr'>in</span> <span class='ocrx_word' id='word_1_357' title='bbox 631 3229 668 3287; x_wconf 92' lang='lat' dir='ltr'><em>Q</em></span> <span class='ocrx_word' id='word_1_358' title='bbox 794 3230 849 3274; x_wconf 83' lang='lat'>15</span> <span class='ocrx_word' id='word_1_359' title='bbox 871 3231 1136 3288; x_wconf 85' lang='lat' dir='ltr'>aquilonem]</span> <span class='ocrx_word' id='word_1_360' title='bbox 1160 3231 1396 3286; x_wconf 88' lang='lat' dir='ltr'>aquineam</span> <span class='ocrx_word' id='word_1_361' title='bbox 1418 3230 1463 3274; x_wconf 88' lang='lat' dir='ltr'><em>R</em></span> <span class='ocrx_word' id='word_1_362' title='bbox 1580 3230 1633 3273; x_wconf 84' lang='lat'>17</span> <span class='ocrx_word' id='word_1_363' title='bbox 1656 3229 1922 3273; x_wconf 88' lang='lat' dir='ltr'>descendens</span> <span class='ocrx_word' id='word_1_364' title='bbox 1943 3231 2000 3282; x_wconf 91' lang='lat' dir='ltr'>P,</span> 
     </span>
     <span class='ocr_line' id='line_1_40' title="bbox 115 3298 2003 3357; baseline 0.003 -16"><span class='ocrx_word' id='word_1_365' title='bbox 115 3298 338 3343; x_wconf 85' lang='lat' dir='ltr'>discendis</span> <span class='ocrx_word' id='word_1_366' title='bbox 366 3300 404 3345; x_wconf 82' lang='grc' dir='ltr'><em>Ο</em></span> <span class='ocrx_word' id='word_1_367' title='bbox 563 3301 619 3344; x_wconf 88' lang='grc'>18</span> <span class='ocrx_word' id='word_1_368' title='bbox 637 3302 684 3344; x_wconf 87' lang='lat' dir='ltr'>te</span> <span class='ocrx_word' id='word_1_369' title='bbox 705 3301 924 3345; x_wconf 89' lang='lat' dir='ltr'>uidebunt</span> <span class='ocrx_word' id='word_1_370' title='bbox 950 3302 1045 3355; x_wconf 78' lang='lat' dir='ltr'>CR,</span> <span class='ocrx_word' id='word_1_371' title='bbox 1076 3302 1286 3346; x_wconf 85' lang='lat' dir='ltr'>uiderunt</span> <span class='ocrx_word' id='word_1_372' title='bbox 1306 3303 1352 3345; x_wconf 89' lang='lat' dir='ltr'>te</span> <span class='ocrx_word' id='word_1_373' title='bbox 1380 3301 1423 3345; x_wconf 93' lang='lat' dir='ltr'><strong><em>V</em></strong></span> <span class='ocrx_word' id='word_1_374' title='bbox 1583 3313 1734 3357; x_wconf 89' lang='lat' dir='ltr'>parem</span> <span class='ocrx_word' id='word_1_375' title='bbox 1755 3301 1926 3344; x_wconf 86' lang='lat' dir='ltr'>talibus</span> <span class='ocrx_word' id='word_1_376' title='bbox 1954 3302 2003 3355; x_wconf 83' lang='grc' dir='ltr'>Ο,</span> 
     </span>
     <span class='ocr_line' id='line_1_41' title="bbox 114 3360 2003 3429; baseline 0.001 -16"><span class='ocrx_word' id='word_1_377' title='bbox 114 3370 422 3426; x_wconf 84' lang='lat' dir='ltr'>parentalibus</span> <span class='ocrx_word' id='word_1_378' title='bbox 444 3372 490 3415; x_wconf 89' lang='lat' dir='ltr'><em>P</em></span> <span class='ocrx_word' id='word_1_379' title='bbox 661 3372 716 3416; x_wconf 89' lang='lat'>19</span> <span class='ocrx_word' id='word_1_380' title='bbox 745 3374 790 3416; x_wconf 87' lang='lat' dir='ltr'>et</span> <span class='ocrx_word' id='word_1_381' title='bbox 820 3374 1042 3429; x_wconf 86' lang='lat' dir='ltr'>scriptura</span> <span class='ocrx_word' id='word_1_382' title='bbox 1070 3373 1109 3418; x_wconf 80' lang='lat' dir='ltr'><strong><em>G</em></strong></span> <span class='ocrx_word' id='word_1_383' title='bbox 1278 3373 1372 3416; x_wconf 92' lang='lat' dir='ltr'>loco</span> <span class='ocrx_word' id='word_1_384' title='bbox 1403 3373 1491 3415; x_wconf 88' lang='lat' dir='ltr'>alio</span> <span class='ocrx_word' id='word_1_385' title='bbox 1521 3372 1558 3417; x_wconf 81' lang='grc' dir='ltr'><em>Ο</em></span> <span class='ocrx_word' id='word_1_386' title='bbox 1597 3361 1605 3370; x_wconf 70' lang='grc'><em>“</em></span> <span class='ocrx_word' id='word_1_387' title='bbox 1628 3360 1656 3369; x_wconf 66' lang='grc'>”</span> <span class='ocrx_word' id='word_1_388' title='bbox 1678 3362 1686 3369; x_wconf 69' lang='grc'><strong>’</strong></span> <span class='ocrx_word' id='word_1_389' title='bbox 1705 3360 1785 3415; x_wconf 71' lang='grc'>’20</span> <span class='ocrx_word' id='word_1_390' title='bbox 1815 3372 2003 3415; x_wconf 86' lang='lat' dir='ltr'>iniurio-</span> 
     </span>
     <span class='ocr_line' id='line_1_42' title="bbox 115 3443 2003 3500; baseline 0.002 -16"><span class='ocrx_word' id='word_1_391' title='bbox 115 3454 213 3485; x_wconf 91' lang='lat' dir='ltr'>sum</span> <span class='ocrx_word' id='word_1_392' title='bbox 236 3474 245 3483; x_wconf 88' lang='lat'><strong>.</strong></span> <span class='ocrx_word' id='word_1_393' title='bbox 265 3477 276 3487; x_wconf 91' lang='lat'><strong>.</strong></span> <span class='ocrx_word' id='word_1_394' title='bbox 294 3476 304 3487; x_wconf 93' lang='lat'>.</span> <span class='ocrx_word' id='word_1_395' title='bbox 328 3455 502 3486; x_wconf 87' lang='lat' dir='ltr'>omnem</span> <span class='ocrx_word' id='word_1_396' title='bbox 532 3455 614 3487; x_wconf 86' lang='lat' dir='ltr'>om.</span> <span class='ocrx_word' id='word_1_397' title='bbox 642 3443 680 3487; x_wconf 83' lang='grc' dir='ltr'><em>Ο</em></span> <span class='ocrx_word' id='word_1_398' title='bbox 820 3444 878 3490; x_wconf 88' lang='grc'>21</span> <span class='ocrx_word' id='word_1_399' title='bbox 909 3457 1035 3487; x_wconf 90' lang='lat' dir='ltr'>omne</span> <span class='ocrx_word' id='word_1_400' title='bbox 1057 3444 1103 3489; x_wconf 83' lang='lat' dir='ltr'><strong><em>R</em></strong></span> <span class='ocrx_word' id='word_1_401' title='bbox 1248 3445 1304 3487; x_wconf 82' lang='lat'>23</span> <span class='ocrx_word' id='word_1_402' title='bbox 1324 3444 1490 3500; x_wconf 88' lang='lat' dir='ltr'>utrum]</span> <span class='ocrx_word' id='word_1_403' title='bbox 1517 3444 1597 3486; x_wconf 86' lang='lat' dir='ltr'>aut</span> <span class='ocrx_word' id='word_1_404' title='bbox 1626 3443 1664 3500; x_wconf 88' lang='lat' dir='ltr'><em>Q</em></span> <span class='ocrx_word' id='word_1_405' title='bbox 1809 3444 1866 3488; x_wconf 84' lang='lat'>24</span> <span class='ocrx_word' id='word_1_406' title='bbox 1887 3443 2003 3499; x_wconf 89' lang='lat' dir='ltr'>quod</span> 
     </span>
     <span class='ocr_line' id='line_1_43' title="bbox 115 3514 1348 3571; baseline 0.003 -15"><span class='ocrx_word' id='word_1_407' title='bbox 115 3525 198 3557; x_wconf 87' lang='lat' dir='ltr'>om.</span> <span class='ocrx_word' id='word_1_408' title='bbox 229 3514 266 3559; x_wconf 82' lang='grc' dir='ltr'><em>Ο</em></span> <span class='ocrx_word' id='word_1_409' title='bbox 380 3515 661 3571; x_wconf 84' lang='lat' dir='ltr'>euangelium</span> <span class='ocrx_word' id='word_1_410' title='bbox 688 3515 725 3560; x_wconf 87' lang='lat' dir='ltr'>C&#39;</span> <span class='ocrx_word' id='word_1_411' title='bbox 838 3529 967 3559; x_wconf 90' lang='lat' dir='ltr'>suum</span> <span class='ocrx_word' id='word_1_412' title='bbox 996 3529 1111 3560; x_wconf 78' lang='lat' dir='ltr'>corr,</span> <span class='ocrx_word' id='word_1_413' title='bbox 1133 3517 1184 3560; x_wconf 79' lang='lat' dir='ltr'>in</span> <span class='ocrx_word' id='word_1_414' title='bbox 1204 3515 1281 3559; x_wconf 91' lang='lat' dir='ltr'>ubi</span> <span class='ocrx_word' id='word_1_415' title='bbox 1311 3516 1348 3560; x_wconf 81' lang='grc' dir='ltr'><strong><em>Ο</em></strong></span> 
     </span>
    </p>
   </div>
  </div>
 </body>
</html>
