2332 3978
300 283 409 336 442
975 274 1223 321 Caecilii
1254 272 1527 331 Cypriani

872 494 1149 545 monnulus
1188 507 1220 543 a
1259 491 1418 542 Girba
1452 490 1611 542 dixit:

222 597 283 647 10
371 596 628 650 Ecclesiae
675 590 994 665 [catholicae]
1048 590 1232 644 matris
1275 590 1481 643 nostrae
1526 588 1718 642 ueritas
1770 588 2016 662 [semper]
2067 591 2195 658 aput

220 1593 272 1642 ll

298 699 414 748 1106,
455 682 670 744 fratreS,
710 682 762 734 et
799 679 993 733 mansit
1035 680 1087 730 et
1131 678 1332 741 manet,
1394 691 1451 729 60
1490 676 1626 743 quod
1663 677 1717 729 in
1754 677 2070 745 baptismate
2114 679 2194 730 est

298 769 505 822 trinitas
555 767 773 820 Domino
825 766 998 818 nostro
1049 763 1272 816 dicente:
1337 761 1427 814 ite
1478 763 1540 814 et
1589 761 1920 830 baptizate
1969 763 2194 832 gentes

298 857 360 907 in
419 855 677 907 nomine
715 852 935 905 Patris
994 851 1054 903 et
1112 848 1276 901 Filii
1334 848 1394 900 et
1451 846 1744 915 Spiritus
1783 849 2013 902 sancti.
2074 866 2193 903 cum

301 957 422 1011 ergo
448 940 720 994 manifesto
748 939 971 991 sciamus
1006 936 1291 989 haereticos
1335 949 1436 987 non
1482 935 1667 988 habere
1709 952 1801 989 nec
1845 936 2055 989 Patrem
2103 951 2195 988 nec

300 1029 496 1081 Filium
539 1042 631 1079 1166
675 1025 929 1093 Spiritum
974 1023 1234 1085 sanctum,
1277 1021 1463 1074 debent
1501 1022 1768 1075 uenientes
1815 1021 1882 1075 ad
1926 1022 2195 1075 ecclesiam

300 1115 522 1167 matrem
568 1113 798 1165 nostram
838 1109 1036 1173 uenire,
1078 1107 1277 1160 renasci
1323 1107 1374 1159 et
1418 1107 1697 1175 baptizari,
1737 1108 1797 1160 ut
1842 1123 2020 1161 cancer
2061 1107 2197 1175 quod

300 1201 559 1252 habebant
586 1201 637 1251 et
663 1196 1007 1250 damnationis
1034 1195 1166 1247 iram
1202 1195 1254 1246 et
1289 1194 1474 1245 erroris
1502 1194 1804 1247 offecturam
1840 1210 1931 1262 per
1957 1194 2195 1247 sanctum

305 1290 355 1338 et
383 1287 599 1338 caeleste
626 1285 890 1336 lauacrum
918 1281 1283 1335 sanctificetur.
2004 1279 2006 1282 ’

845 1489 1163 1538 Secundinus
1202 1502 1233 1537 a
1273 1488 1456 1537 Cedias
1493 1488 1649 1538 dixit:

370 1588 499 1640 Cum
537 1587 789 1639 Dominus
826 1587 998 1639 noster
1035 1585 1271 1638 Christus
1299 1586 1465 1638 dicat:
1519 1587 1625 1652 qui
1664 1602 1905 1639 mecum
1944 1601 2062 1638 non
2099 1587 2196 1638 est

299 1675 639 1727 aduersum
680 1690 770 1725 me
810 1675 932 1736 est,
974 1674 1024 1725 et
1069 1673 1319 1725 lohannes
1366 1674 1627 1739 apostolus
1673 1689 1755 1726 eos
1802 1674 1890 1740 qui
1936 1673 1999 1726 ab
2034 1674 2195 1726 eccle-

298 1760 374 1812 sia
414 1760 597 1812 exeunt
647 1759 980 1811 antichristos
1020 1758 1187 1822 dicat,
1243 1759 1600 1812 indubitanter
1638 1760 1809 1812 hostes
1846 1759 2039 1811 Christi
2078 1760 2194 1826 qui-

298 1862 393 1912 que
439 1846 730 1897 antichristi
776 1845 1028 1898 nominati
1076 1847 1195 1897 sunt
1241 1847 1464 1914 gratiam
1509 1846 1758 1914 baptismi
1804 1846 2048 1898 salutaris
2093 1845 2195 1898 mi-

297 1932 515 1984 nistrare
542 1947 641 1984 non
669 1934 896 1999 possunt.
939 1933 990 1983 et
1017 1932 1129 1984 ideo
1158 1947 1333 1983 censeo
1374 1947 1456 1983 eos
1496 1932 1585 1999 qui
1624 1932 1685 1984 de
1724 1932 1926 1983 insidiis
1966 1931 2193 1984 haereti-

300 2033 474 2069 corum
528 2017 832 2086 confugiunt
884 2018 946 2068 ad
997 2017 1267 2069 ecclesiam
1305 2018 1643 2085 baptizandos
1684 2034 1791 2071 esse
1838 2034 1866 2070 a
1911 2018 2057 2070 nobis
2104 2017 2192 2084 qui

299 2104 452 2156 amici
482 2104 727 2170 appellati
757 2119 934 2155 sumus
965 2104 1058 2155 Dei
1088 2103 1148 2155 de
1177 2104 1285 2156 eius
1314 2104 1628 2172 dignatione.
1681 2119 1683 2122 ’

466 2306 491 2346 4
524 2305 686 2347 Matth.
713 2306 781 2359 28,
807 2306 872 2348 19.
964 2306 1017 2347 12
1048 2305 1212 2348 Matth.
1238 2306 1304 2355 12,
1327 2306 1394 2348 30.

384 2494 401 2533 ‘l
441 2492 692 2534 111011111111116
717 2493 778 2541 L,
803 2493 1058 2535 monnulius
1079 2492 1138 2544 T,
1166 2493 1404 2535 munnulus
1428 2507 1474 2543 v,
1500 2492 1773 2535 mommillus
1799 2493 1966 2537 Coneil.
2059 2493 2192 2549 girha

296 2564 338 2613 S,
359 2563 488 2617 gibai·
506 2564 544 2604 T
629 2563 740 2605 dicit
759 2565 795 2604 T
813 2564 897 2618 (in
916 2563 1012 2607 cod.
1032 2564 1074 2607 V
1088 2577 1242 2607 01111163
1260 2565 1358 2618 fere
1380 2564 1593 2620 deinceps
1615 2566 1815 2620 episcopi
1835 2566 2077 2609 sententiis
2097 2566 2193 2609 suis

294 2636 412 2678 hanc
434 2636 677 2687 formulam
701 2637 1010 2689 praemittunt
1032 2650 1085 2679 IN
1108 2633 1235 2680 PACE'
1269 2638 1524 2695 Riyaltz'us)
1645 2639 1672 2681 2
1703 2638 1947 2681 catholicae
1969 2652 2049 2681 om.
2073 2638 2110 2681 S

295 2707 503 2749 ueritatis
528 2708 569 2749 J.
719 2722 889 2764 semper
920 2722 1000 2751 om.
1028 2708 1082 2760 S,
1123 2714 1230 2764 post
1251 2709 1414 2752 fratres
1446 2711 1581 2764 ponit
1603 2711 1647 2753 A
1808 2710 1835 2752 3
1860 2711 1999 2765 prius
2029 2711 2075 2752 et
2107 2723 2188 2752 om.

294 2780 337 2819 A
514 2794 560 2821 ‹fo
585 2779 697 2834 quod
726 2779 783 2834 S,
822 2782 867 2822 ot
889 2781 961 2823 uel
979 2781 1073 2832 Lv,
1118 2781 1190 2823 1161
1211 2782 1323 2824 ATl
1352 2781 1485 2837 (eras.
1507 2782 1628 2838 111.2)
1795 2782 1842 2823 in
1871 2781 1914 2834 S,
1939 2781 2128 2824 maxime
2145 2781 2193 2823 in

294 2849 456 2893 LTAc
599 2852 864 2906 baptismati
904 2855 973 2895 est
994 2852 1179 2895 trinitas
1203 2852 1257 2904 S,
1293 2853 1582 2908 baptismatis
1619 2854 1854 2910 (baptismi
1882 2854 1945 2908 A)
1982 2853 2193 2896 trinitate

294 2920 451 2963 LTAo
581 2923 607 2963 4
633 2923 738 2965 item
764 2927 806 2965 ot
825 2925 864 2967 T
873 2929 901 2975 ¹,
926 2925 988 2966 ite
1011 2924 1054 2966 A
1163 2923 1190 2966 5
1212 2938 1310 2967 cum
1331 2925 1382 2968 in
1400 2939 1491 2968 ras.
1509 2926 1567 2966 T2
1670 2927 1696 2969 6
1728 2925 1965 2968 manifeste
1988 2925 2106 2969 LTv

293 2991 457 3034 scimus
482 2994 533 3033 Τ·
651 2998 677 3035 8
711 2996 879 3050 uenire]
903 3009 1003 3038 uere
1027 2997 1098 3039 Av
1207 2997 1334 3039 nasci
1358 2997 1450 3039 LT
1562 2999 1588 3041 9
1620 2996 1818 3040 habeant
1841 2998 1904 3040 L¹
2020 2996 2111 3040 ira*
2141 2997 2191 3050 T,

292 3063 358 3105 ira
380 3065 451 3106 Ar
607 3069 650 3107 ot
673 3080 752 3109 om.
784 3068 823 3109 T
998 3068 1238 3111 offectura*
1271 3069 1331 3119 T,
1363 3069 1574 3112 offectura
1603 3069 1678 3112 uel
1708 3068 1872 3112 offensa
1902 3068 2029 3112 codd.
2054 3068 2190 3134 Aua,

293 3135 502 3179 effectura
537 3152 557 3181 0
707 3140 759 3181 10
791 3140 1025 3182 caelestem
1052 3139 1151 3191 ST,
1187 3140 1405 3183 caelestae
1428 3142 1470 3184 L
1576 3141 1891 3184 sanctifecetur
1912 3140 1950 3184 S
2034 3140 2087 3183 11
2120 3153 2191 3182 ac-

292 3205 438 3249 cedias
475 3210 528 3253 T.
562 3210 736 3252 {taedius
759 3211 823 3263 L,
858 3225 883 3254 a
904 3211 1056 3254 chezas
1078 3211 1234 3263 00116,
1267 3225 1292 3254 a
1314 3211 1451 3267 quida
1473 3213 1587 3256 coni.
1616 3212 1902 3256 Harduioms
2020 3212 2074 3255 12
2105 3224 2191 3254 non

293 3280 360 3319 cst
396 3292 564 3323 mecum
600 3283 668 3324 Lv
832 3283 885 3325 13
917 3282 1128 3326 aduersus
1150 3297 1176 3326 v
1339 3284 1563 3339 apostolos
1595 3283 1630 3328 S
1641 3289 1648 3311 ¹
1805 3285 1859 3327 15
1889 3283 2040 3340 gratia
2071 3282 2108 3326 S

294 3349 347 3390 16
371 3353 423 3462 (flet
447 3364 526 3394 om.
555 3353 591 3393 S
724 3355 777 3397 18
808 3354 879 3397 dei
901 3368 982 3397 om.
1010 3354 1091 3398 ST
1113 3360 1156 3398 et
1179 3354 1306 3398 codd.
1329 3355 1446 3411 Aug).
1590 3355 1642 3399 de
1665 3369 1746 3399 om.
1775 3357 1815 3397 T
1956 3354 2050 3398 eius
2072 3368 2187 3398 corr.

293 3420 344 3461 in
401 3421 438 3463 ci
473 3424 511 3463 Τ

2231 872 2250 903 5
2311 859 2327 922 ᾗ

2213 1310 2255 1340 10

2214 1868 2254 1900 15
