2332 3978
298 259 406 316 656
447 330 452 336 Ι
801 267 807 318 ζ
969 251 1215 305 Caecilii
1245 229 1522 316 Cypriani
1569 265 1580 322 Ἰ

306 389 509 458 saepius
536 384 826 444 admoneri:
863 389 926 442 de
951 389 1098 444 cuius
1123 403 1217 458 ope
1242 391 1294 444 et
1318 389 1514 458 pietate
1540 390 1630 458 qui
1654 390 1711 445 in
1735 406 1859 445 eum
1885 389 2149 446 confidim

298 490 573 543 possumus
614 490 723 530 esse
766 476 947 541 securi,
988 476 1109 544 quia
1148 475 1237 544 qui
1272 476 1328 530 in
1361 491 1487 544 pace
1523 475 1788 530 militibus
1823 475 1932 530 suis
1957 475 2220 553 futuram

299 561 630 630 praenuntiat
657 578 885 631 pugnam
906 562 1053 615 dabit
1072 562 1495 616 m111tant1bus1n
1519 563 1876 632 congressione
1900 530 2240 634 uictoriamss⁴

299 643 539 718 optamus
563 649 633 714 te,
660 648 821 703 frater
847 649 1126 713 carissime,
1155 665 1358 718 semper
1382 649 1510 703 bene
1536 650 1727 703 ualere.
2215 631 2234 669 ³

724 890 1338 983 EPISTVLA
1420 890 1770 982 LVIII.

593 1061 925 1106 CYPRIANVS
956 1062 1136 1106 PLEBI
1169 1062 1423 1106 THIBARI
1454 1061 1844 1106 CONSISTENTI
1875 1062 1916 1106 S.

261 1214 283 1264 l
385 1203 746 1273 Cogitaueram
786 1206 1012 1272 quidem,
1054 1206 1240 1260 fratres
1279 1206 1624 1275 dilectissimi,
1665 1207 1820 1274 atque
1857 1207 1911 1259 in
1938 1207 2076 1261 uotis
2101 1207 2195 1260 ha·
2328 1267 2331 1277 y

310 1291 513 1353 bebam,
552 1291 596 1342 si
634 1306 807 1343 rerum
845 1292 978 1345 ratio
1009 1308 1068 1344 ac
1098 1293 1349 1361 temporis
1379 1293 1608 1345 condicio
1641 1292 1985 1362 permitteret,
2016 1309 2198 1347 secun-

307 1379 435 1431 dum
476 1378 612 1445 quod
646 1377 941 1445 frequenter
975 1379 1325 1447 desiderastis,
1366 1379 1476 1447 ipse
1502 1378 1566 1431 ad
1593 1393 1685 1432 uos
1712 1379 1904 1443 uenire,
1945 1381 1997 1433 et
2034 1395 2195 1446 quan·
2267 1372 2277 1434 J

304 1465 641 1532 tulacumque
668 1465 1025 1535 mediocritate
1053 1465 1423 1518 exhortationis
1449 1465 1654 1518 nostrae
1681 1479 1922 1531 praesens
1947 1464 2058 1517 illic
2083 1464 2188 1518 fra·
2207 1485 2257 1516 10·
2315 1494 2327 1514 2

304 1551 609 1603 ternitatem
647 1551 983 1603 corroborare.
1026 1551 1115 1604 sed
1155 1551 1396 1618 quoniam
1435 1553 1509 1604 sic
1546 1551 1699 1603 rebus
1738 1551 2079 1620 urguentibus
2106 1550 2196 1604 de-
2275 1583 2280 1623 ὲ

307 1638 537 1691 tinemur
561 1637 623 1689 ut
647 1637 799 1705 longe
825 1636 981 1689 istinc
1007 1652 1269 1690 excurrere
1297 1638 1348 1690 et
1376 1637 1464 1690 diu
1488 1653 1517 1689 a
1537 1637 1686 1705 plebe
1714 1637 1797 1689 cui
1824 1637 1886 1689 de
1912 1637 2091 1690 diuina
2115 1636 2197 1689 in·

311 1724 582 1793 dulgentia
619 1738 923 1791 praesumus
962 1724 1139 1777 abesse
1166 1738 1265 1776 non
1293 1724 1444 1777 detur
1470 1723 1709 1787 facultaS,
1748 1724 1839 1776 has
1866 1723 2081 1776 interim
2106 1737 2197 1790 pro
2276 1710 2280 1722 ⁴
2306 1727 2310 1734 ’

308 1827 392 1864 me
430 1811 494 1863 ad
531 1824 624 1862 uos
661 1810 882 1862 uicarias
927 1810 1132 1862 litteras
1178 1810 1316 1863 misi.
1367 1827 1490 1862 nam
1530 1826 1647 1863 cum
1684 1809 1895 1862 Domini
1939 1809 2199 1862 instruen-

307 1898 378 1951 tis
417 1896 716 1966 dignatione
754 1896 1064 1964 instigemur
1098 1886 1303 1963 ‘saepius
1342 1898 1394 1949 et
1432 1896 1816 1960 admoneamur,
1866 1896 1930 1948 ad
1968 1896 2196 1948 uestram
2213 1913 2262 1944 15-
2287 1887 2332 1970 ξ’

314 1999 512 2052 31133113
561 1983 926 2036 conscientiam
974 1983 1344 2036 admonitionis
1382 1984 1588 2036 nostrae
1629 1982 2037 2035 sollicitudinem
2074 1997 2193 2049 per·
2288 1971 2332 2057 ³522,-

309 2070 441 2123 ferre
480 2066 740 2122 debemus
794 2070 922 2122 scire
962 2070 1101 2121 enim
1139 2070 1340 2123 debetis
1380 2070 1432 2123 et
1468 2086 1559 2137 pro
1600 2071 1738 2122 certo
1778 2070 1982 2122 credere
2021 2084 2080 2121 ac
2117 2070 2197 2121 te-

310 2172 429 2210 nere
455 2172 720 2224 pressurae
748 2156 886 2208 diem
914 2172 1066 2223 super
1092 2157 1248 2224 caput
1273 2172 1382 2210 esse
1409 2157 1633 2224 coepisse
1661 2157 1713 2209 et
1741 2171 1978 2209 occasum
2006 2153 2199 2207 saeculi

313 2246 466 2311 atque
505 2243 801 2296 antichristi
849 2244 1055 2310 tempus
1094 2243 1558 2312 adpropinquasse,
1611 2245 1671 2296 ut
1708 2242 1878 2310 parati
1917 2256 2095 2294 omnes
2133 2240 2198 2292 ad

312 2331 567 2398 proelium
607 2331 804 2382 stemus
841 2345 934 2382 nec
983 2330 1258 2396 quicquam
1296 2329 1397 2385 nisi
1437 2330 1656 2399 gloriam
1695 2329 1836 2381 uitae
1873 2328 2107 2380 aeternae
2146 2327 2199 2380 et
2214 2319 2322 2402 «13-ἶ

314 2433 551 2470 coronam
590 2415 922 2469 confessionis
961 2415 1249 2468 dominicae
1289 2416 1604 2484 cogitemus,
1653 2431 1745 2467 nec
1783 2414 2028 2482 putemus
2067 2412 2198 2465 talia

313 2520 422 2558 esse
460 2519 589 2571 quae
628 2502 845 2556 ueniunt
883 2502 1058 2570 qualia
1095 2502 1306 2555 fuerunt
1343 2503 1438 2555 illa
1465 2518 1594 2570 quae
1620 2502 1950 2554 transierunt.
1993 2498 2200 2570 grauior

400 2662 425 2704 1
448 2661 679 2703 admonere
705 2661 750 2710 C,
772 2658 1059 2702 admonemur
1079 2672 1105 2702 υ
1204 2671 1254 2702 33
1274 2658 1446 2713 pietate
1470 2659 1515 2708 Ο,
1539 2658 1804 2714 accipietate
1826 2657 1872 2702 R
1958 2656 1987 2699 2
2008 2655 2100 2698 31113
2124 2688 2132 2696 .
2153 2689 2163 2698 .
2180 2686 2191 2695 .
2311 2711 2318 2719 ³

315 2731 623 2776 militantibus
645 2745 727 2774 om.
751 2730 795 2774 R
959 2730 987 2773 3
1009 2730 1364 2786 congressionem
1385 2731 1444 2774 M
1465 2729 1790 2786 (congressione
1819 2727 1873 2785 Q)
2027 2727 2056 2770 4
2076 2727 2205 2782 opta-

312 2818 411 2848 mus
435 2837 444 2846 .
464 2837 474 2847 .
495 2840 501 2846 .
528 2804 676 2847 ualere
699 2816 780 2846 om.
810 2801 934 2858 OLQ
1098 2801 1340 2858 carissime]
1366 2801 1649 2845 sanctissime
1671 2802 1719 2844 in
1740 2786 1903 2845 (113ἴῆ.
1929 2824 1982 2830 —
2003 2798 2074 2842 Ad
2096 2797 2202 2842 Cor·
2290 2839 2292 2842 .

312 2877 480 2919 neliurn
518 2876 578 2930 (**
611 2874 753 2930 lapsis
789 2874 895 2917 add.
928 2873 986 2926 F,
1030 2874 1083 2917 de
1118 2873 1258 2929 lapsis
1298 2873 1403 2916 add.
1438 2873 1494 2926 L,
1538 2872 1735 2928 epistula
1772 2870 1963 2916 secunda
1999 2869 2107 2913 add.
2146 2868 2208 2925 Q)

314 2947 497 3003 explicit
517 2946 607 2990 FL
617 2945 712 3002 QR,
737 2945 935 3001 Explicit
957 2944 1013 2988 ad
1035 2945 1289 2988 Cornelium
1313 2944 1382 2999 (de
1403 2944 1545 3001 lapsis
1568 2944 1672 2988 add.
1698 2944 1759 3000 P)
1783 2944 1877 2989 GP.
1902 2967 1951 2975 —

401 3018 544 3074 Epist.
568 3017 735 3061 LVIII.
759 3042 813 3049 -
836 3017 1006 3073 Incipit
1037 3016 1091 3059 ad
1120 3016 1426 3060 tibarithanos
1451 3016 1500 3074 Q,
1534 3015 1702 3072 Incipit
1725 3014 1781 3059 ad
1800 3013 2073 3058 tibaritanos
2096 3012 2206 3065 BR,

313 3089 485 3146 Incipit
506 3089 560 3133 ad
582 3089 908 3132 Thebaritanos
939 3087 1245 3131 exhortatoria
1266 3088 1323 3132 P.
1346 3113 1401 3119 ——
1423 3088 1450 3131 9
1471 3087 1671 3131 uenirem
1693 3087 1739 3132 R
1914 3084 2205 3142 quantulum-

314 3175 502 3218 cumque
529 3161 579 3218 ρ,
601 3159 1101 3217 quantulamcumqueR
1275 3159 1332 3202 10
1351 3159 1706 3203 mediocritatem
1727 3159 1773 3204 R
1918 3158 1971 3201 11
1994 3155 2203 3200 conrobo-

317 3247 462 3278 rarem
484 3233 577 3278 BR,
742 3231 1034 3288 uergentibus
1057 3232 1102 3275 B
1277 3231 1332 3275 12
1353 3244 1626 3275 excurrerem
1648 3231 1694 3275 R
1866 3229 1922 3273 13
1942 3228 2074 3271 datur
2094 3227 2210 3271 Wv
2282 3246 2286 3251 ·

317 3306 463 3361 (detur
483 3305 544 3349 M
555 3303 626 3361 Ὠ)
765 3304 820 3347 14
841 3303 897 3347 3(1
917 3316 995 3347 1133
1016 3316 1102 3347 om.
1124 3303 1171 3347 P
1299 3302 1517 3346 struentis
1538 3302 1584 3347 R
1705 3303 1772 3346 ‘15
1792 3300 2078 3345 admonemur
2100 3298 2147 3343 R
2282 3322 2287 3330 ι

317 3378 372 3421 16
389 3375 694 3420 sollicitudine
710 3376 756 3419 P
870 3375 925 3418 18
946 3375 1092 3430 coepis
1109 3374 1154 3418 R
1269 3375 1323 3439 et⁷
1333 3386 1416 3417 om.
1435 3373 1481 3417 B
1596 3374 1654 3418 20
1670 3372 1926 3430 311133113111]
1950 3383 2083 3427 3113111
2101 3369 2147 3415 R

317 3449 485 3505 gloria*
514 3447 575 3491 M
578 3447 627 3505 Q,
665 3447 834 3504 gloriae
865 3447 924 3501 B,
959 3446 1104 3504 gloria
1135 3446 1181 3491 R
1353 3446 1404 3490 21
1441 3446 1712 3490 concitemus
1743 3444 1789 3490 R
1961 3443 2018 3487 22
2048 3440 2209 3498 quales
2276 3499 2278 3503 y

319 3514 490 3585 fuerint
510 3541 589 3584 ine
611 3539 657 3586 R
