2332 3978
736 281 816 326 Ad
843 281 1232 325 Fortunatum
1261 294 1297 325 0.
1330 280 1402 326 12.
1919 278 2027 332 345

144 415 299 469 tionis
323 414 526 468 nostrae
551 413 603 466 et
627 412 921 465 munerator
945 411 1198 479 passionis
1217 451 1229 475 ‚
1268 409 1468 475 beati,
1508 409 1706 477 inquit,
1746 408 1855 476 qui
1890 423 2027 476 per-

146 500 544 554 secutionem
580 497 758 565 passi
812 496 1070 550 fuerint
1123 496 1394 564 propter
1447 495 1812 559 iustitiam,
1877 493 2026 561 quia

143 587 422 655 ipsorum
460 584 561 637 est
597 599 860 652 regnum
885 581 1230 635 caelorum.
1270 581 1322 634 et
1347 581 1562 634 iterum:
1591 580 1767 633 beati
1805 579 2024 644 eritiS‚

145 687 285 725 cum
339 670 480 723 odio
536 685 649 722 uos
705 668 1066 721 habuerint
1120 666 1422 719 homines
1461 667 1522 719 et
1560 665 2025 734 separauerint

84 772 107 805 z
144 772 252 811 uos
309 757 372 809 et
426 754 799 823 expulerint
852 756 913 807 et
967 753 1433 807 maledixerint
1483 751 1740 804 nomini
1789 751 2023 804 uestro

143 841 332 911 quasi
385 857 657 910 nequam
713 842 982 909 propter
1019 839 1242 893 filium
1278 838 1582 891 hominis
1639 837 1923 907 gaudete
1959 837 2025 890 in

142 929 270 983 illa
306 928 407 980 die
441 929 503 980 et
540 927 846 980 exultate.
890 943 1030 980 ecce
1068 926 1231 979 enim
1271 940 1517 978 merces
1556 926 1775 978 uestra
1811 924 2025 977 multa

141 1016 204 1068 in
229 1014 440 1067 caelis,
480 1014 776 1066 etiterum:
817 1014 926 1080 qui
963 1012 1193 1080 perdit
1231 1012 1512 1065 animam
1550 1027 1726 1064 suam
1762 1011 2026 1079 propter

142 1116 232 1153 me
268 1100 371 1152 hic
409 1099 697 1153 saluabit
734 1099 934 1152 illam.
974 1114 1067 1152 nec
1094 1099 1227 1152 solos
1248 1098 1633 1151 animaduersos
1654 1098 1705 1150 et
1725 1096 2022 1150 interfectos

84 1199 126 1232 ιο
141 1185 345 1239 diuinae
370 1185 762 1253 pollicitationis
788 1187 1000 1238 manent
1025 1185 1282 1253 praemia,
1325 1184 1414 1236 sed
1442 1183 1600 1237 etiam
1627 1184 1672 1236 si
1697 1184 1866 1251 passio
1892 1183 2020 1236 fide-

139 1272 277 1325 libus
302 1272 465 1336 desit,
504 1271 631 1324 fides
656 1272 833 1325 tamen
867 1272 1070 1340 integra
1096 1271 1261 1338 adque
1286 1270 1484 1324 inuicta
1508 1269 1797 1337 perstiterit
1822 1270 1874 1323 et
1900 1285 2019 1323 con-

141 1357 356 1426 temptis
401 1373 459 1411 ac
502 1357 697 1410 relictis
741 1357 848 1410 suis
893 1357 1130 1410 omnibus
1152 1355 1419 1409 Christum
1446 1372 1499 1409 se
1526 1356 1670 1423 sequi
1710 1355 2021 1409 christianus

139 1444 447 1508 ostenderit,
474 1443 584 1511 ipse
610 1458 808 1511 quoque
835 1459 864 1496 a
890 1443 1092 1496 Christo
1119 1443 1255 1496 inter
1279 1443 1536 1511 martyras
1561 1442 1841 1495 honoratur
1866 1442 2022 1509 polli-

139 1531 282 1583 cente
324 1529 434 1597 ipso
480 1532 531 1583 et
579 1529 805 1584 dicente:
865 1544 1041 1582 nemo
1081 1530 1181 1582 est
1219 1529 1326 1596 qui
1365 1529 1726 1594 relinquat
1765 1528 2024 1581 domum

27 1628 30 1630 ·
81 1617 257 1668 1⁵aut
295 1631 516 1685 agrum
554 1618 666 1669 aut
703 1617 1000 1684 parentes
1039 1616 1149 1668 aut
1188 1614 1435 1668 fratres
1474 1617 1590 1668 aut
1629 1630 1883 1667 uxorem
1909 1615 2023 1667 aut

137 1699 333 1753 filios
370 1702 639 1769 propter
677 1718 950 1771 regnum
988 1702 1104 1756 Dei
1151 1703 1212 1755 et
1261 1716 1383 1754 non
1439 1701 1733 1768 recipiat
1775 1700 2023 1768 septies

135 1787 392 1840 tantum
430 1787 493 1840 in
529 1787 661 1840 isto
700 1790 1020 1856 tempore,
1086 1788 1148 1841 in
1185 1788 1443 1840 saeculo
1483 1788 1706 1841 autem
1744 1787 2022 1839 uenturo

39 1895 41 1897 ·
135 1872 344 1937 uitam
382 1875 729 1926 aeternam.
789 1874 918 1927 item
944 1875 998 1927 in
1026 1874 1335 1943 Apocalypsi
1375 1875 1470 1927 hoc
1495 1874 1635 1927 idem
1662 1874 1919 1941 loquitur,
1962 1873 2023 1926 et

31 1954 63 2036 ,ᾖ
135 1957 296 2022 uidi,
354 1958 558 2026 inquit,
616 1960 868 2013 animas
907 1961 1262 2014 occisorum
1303 1961 1572 2027 propter
1617 1976 1837 2013 nomen
1875 1960 2023 2012 Iesu

20 2032 196 2106 990015
235 2059 595 2098 sermonem
634 2046 770 2099 Dei.
836 2048 888 2099 et
932 2062 1049 2099 cum
1093 2047 1259 2115 primo
1298 2047 1352 2098 in
1396 2047 1506 2099 loco
1532 2046 1787 2114 posuisset
1815 2046 2020 2110 oeciSOS‚

135 2129 338 2182 addidit
365 2131 566 2184 dicens:
622 2133 686 2183 et
742 2133 1126 2200 quicumque
1175 2132 1537 2202 imaginem
1592 2133 1845 2185 bestiae
1900 2146 2023 2183 non

33 2230 41 2267 ·,
135 2215 566 2271 adorauerunt
603 2233 712 2270 nec
750 2220 1133 2287 acceperunt
1169 2219 1670 2286 inscriptionem
1707 2219 1773 2270 in
1810 2217 2022 2270 fronte

135 2302 247 2354 aut
283 2302 349 2354 in
387 2319 577 2356 manu
617 2320 741 2356 sua.
798 2319 921 2371 quos
965 2305 1231 2358 uniuersos
1277 2322 1307 2358 a
1351 2320 1403 2357 se
1444 2305 1498 2357 in
1524 2305 1701 2357 ecdem
1727 2305 1837 2356 1000
1863 2303 2023 2355 simul

135 2386 272 2440 uisos
299 2388 564 2457 coniungit
590 2406 649 2442 ac
674 2389 824 2443 dicit:
858 2391 918 2443 et
944 2391 1255 2444 uixerunt
1293 2392 1353 2443 et
1390 2390 1842 2460 regnauerunt
1881 2405 2022 2442 cum

77 2483 120 2518 2⁵
136 2470 409 2526 Christo.
451 2475 627 2529 uiuere
654 2491 828 2529 omnes
867 2477 996 2530 dicit
1034 2478 1085 2530 et
1121 2493 1335 2547 regnare
1363 2493 1480 2530 cum
1507 2477 1736 2540 Christ0‚
1777 2491 1876 2528 non
1903 2476 2020 2528 tan-

133 2559 248 2612 tum
287 2561 375 2628 qui
413 2562 567 2615 occisi
603 2561 824 2628 fuerint,
866 2563 954 2617 sed
982 2563 1170 2631 quique
1196 2563 1250 2616 in
1275 2563 1395 2616 fidei
1422 2579 1543 2616 suae
1570 2563 1820 2615 firmitate
1846 2562 1898 2614 et
1922 2560 2022 2614 Dei

47 2778 49 2784 ,
304 2733 329 2774 1
360 2731 522 2776 Matth.
547 2734 586 2785 5,
611 2734 677 2777 10.
785 2735 812 2778 3
843 2735 946 2778 Luc.
971 2735 1011 2787 6,
1031 2735 1087 2778 22
1109 2748 1173 2791 sq.
1291 2735 1319 2778 8
1348 2734 1452 2778 Luc.
1477 2735 1516 2787 9,
1541 2734 1609 2778 24.
1733 2734 1788 2777 14
1818 2733 1924 2777 Luc.
1949 2732 2018 2785 18,

143 2801 201 2846 29
222 2815 284 2859 sq.
377 2804 432 2848 18
460 2805 593 2860 Apoc.
616 2806 684 2858 20,
706 2807 746 2850 4.

220 2961 245 3003 1
274 2963 423 3005 noster
439 2961 477 3006 S
484 2967 493 2989 ¹
579 2965 834 3007 munerator
854 2964 1070 3017 SWRV,
1093 2967 1394 3008 remunerator
1412 2979 1439 3009 v
1525 2965 1553 3007 3
1585 2965 1654 3007 est
1676 2963 1713 3007 S
1730 2977 1763 3007 s.
1782 2963 1808 3007 l.
1827 2977 1882 3007 m.
1901 2966 1934 3007 2

135 3031 370 3089 caelorum]
392 3033 499 3077 add.
520 3034 585 3078 R:
617 3034 676 3078 Et
697 3034 861 3078 iterum
883 3035 1023 3079 nolite
1044 3036 1204 3079 timere
1225 3049 1296 3079 eos
1318 3036 1395 3092 qui
1417 3035 1624 3094 occid-unt
1645 3048 1801 3090 corpus
1822 3035 2020 3078 animam

135 3102 284 3147 autem
318 3116 406 3147 non
442 3106 629 3160 possunt
663 3105 880 3159 occidere,
913 3107 1059 3163 magis
1090 3109 1239 3150 autem
1260 3109 1448 3151 metuite
1470 3121 1570 3150 eum
1592 3107 1670 3162 qui
1689 3108 1838 3162 potest
1859 3109 1904 3150 et
1924 3108 2018 3150 ani-

135 3184 253 3218 mam
288 3176 334 3218 et
368 3187 522 3232 corpus
552 3176 748 3220 occidere
787 3177 835 3221 in
868 3179 1071 3234 gehenna
1107 3180 1297 3235 (Matth.
1322 3183 1392 3231 10,
1415 3181 1527 3234 ,28),·
1560 3180 1620 3234 cf.
1645 3184 1742 3223 test.
1768 3179 1859 3222 III
1873 3182 1932 3222 16

135 3242 164 3286 8
192 3243 240 3287 in
260 3245 395 3290 caelis
417 3246 543 3299 WV,
575 3249 623 3290 in
644 3261 678 3291 0.
701 3250 770 3292 est
800 3249 856 3300 S,
887 3251 957 3292 est
990 3250 1040 3292 in
1076 3263 1111 3294 c.
1134 3251 1207 3296 Rv
1352 3250 1594 3306 perdiderit
1615 3264 1641 3294 υ
1787 3249 1843 3292 10
1871 3249 2018 3304 passio

137 3313 351 3370 SWRV,
384 3317 483 3374 ipsa
503 3319 650 3374 passio
671 3334 697 3363 v
787 3321 842 3363 12
871 3322 964 3364 suis
985 3334 1066 3366 om.
1092 3323 1157 3367 W
1243 3322 1298 3365 13
1327 3324 1546 3378 martyres
1567 3321 1640 3366 Rv
1743 3320 1798 3363 14
1828 3319 2018 3363 derelin-

137 3387 246 3440 quat
266 3387 330 3432 W
415 3389 470 3433 16
499 3391 675 3446 propter
694 3404 883 3447 regnum
903 3391 974 3435 dei
997 3406 1077 3437 om.
1104 3393 1213 3438 WR
1315 3393 1370 3436 18
1400 3392 1654 3448 apocalypis
1679 3391 1742 3444 (in
1763 3391 1865 3446 om.)
1886 3391 1931 3435 R

137 3455 191 3499 19
213 3470 371 3502 nomen
387 3458 459 3503 dei
477 3461 524 3503 et
541 3460 850 3505 testimonium
866 3462 961 3506 iesu
980 3463 1024 3506 V
1105 3464 1162 3507 21
1182 3477 1269 3508 11011
1292 3464 1410 3509 ador.
1433 3464 1509 3506 im.
1530 3462 1757 3506 bestiaeR
1836 3461 1892 3505 22
1914 3461 2019 3506 ado-

136 3527 333 3572 rauerint
354 3529 392 3573 S
400 3534 409 3557 ¹
552 3533 705 3575 notam
725 3534 770 3576 et
789 3533 1127 3590 inscriptionem
1155 3535 1199 3578 V
1323 3535 1381 3578 24
1409 3536 1453 3577 et
1475 3533 1586 3577 dicit
1618 3548 1667 3584 v,
1702 3531 1864 3575 accidit
1885 3532 1931 3577 R

138 3593 195 3639 25
223 3598 363 3641 omnis
387 3598 425 3643 S
433 3602 442 3625 ¹
580 3600 637 3643 26
667 3600 847 3645 fuerunt
870 3602 907 3646 S
914 3607 923 3629 ¹
1049 3602 1125 3646 sed
1155 3605 1199 3646 et
1229 3616 1255 3646 υ
1389 3603 1569 3659 quique]
1606 3603 1870 3660 quicumque
1903 3618 1931 3649 v
