2332 3978
363 271 472 325 774
826 266 830 268 ’
1032 271 1275 318 Caecilii
1305 272 1577 334 Cypriani

362 399 578 454 autem
628 401 752 455 duo
799 401 908 454 aut
955 402 1086 455 tres
1123 402 1471 470 loquantur
1507 405 1570 457 et
1608 404 1813 458 ceteri
1851 406 2241 461 examinent.
2327 427 2332 430 ·

365 486 418 539 si
457 486 579 540 alii
625 486 993 540 reuelatum
1041 488 1295 542 sedenti
1342 487 1574 555 fuerit,
1623 489 1743 543 ille
1789 491 1965 558 prior
2000 492 2238 547 taceat.

366 588 467 640 qua
491 572 546 625 in
571 573 718 640 parte
756 572 932 626 docuit
958 573 1010 626 et
1035 573 1260 626 ostendit
1284 573 1456 627 multa
1480 573 1701 644 singulis
1726 574 1782 627 in
1806 575 1991 629 melius
2016 578 2239 631 reuelari

363 659 415 712 et
452 657 634 711 debere
678 674 1095 727 unumquemque
1138 674 1239 712 non
1281 674 1371 726 pro
1411 674 1468 712 eo
1507 660 1642 728 quod
1686 661 1846 714 semel
1888 660 2146 716 inbiberat
2186 664 2237 716 et

361 744 570 798 tenebat
593 744 925 812 pertinaciter
951 744 1207 814 congredi,
1235 745 1323 797 sed
1344 745 1388 798 si
1410 745 1535 813 quid
1559 745 1747 799 melius
1769 747 1820 799 et
1841 746 2023 800 utilius
2049 748 2235 801 extite-
2253 767 2276 798 5

361 829 433 881 rit
457 829 678 883 libenter
703 831 962 897 amplecti.
990 845 1090 883 non
1117 830 1255 883 enim
1280 830 1542 884 uincimur
1568 831 1768 899 quando
1790 832 2072 885 offeruntur
2090 833 2238 887 nobis

362 915 590 980 meliora,
630 916 718 969 sed
755 916 1078 981 instruimur,
1118 916 1341 969 maxime
1375 916 1430 969 in
1466 917 1548 969 his
1575 933 1704 985 quae
1740 919 1805 972 ad
1842 918 2082 972 ecclesiae
2122 920 2240 972 uni-

362 1002 526 1055 tatem
562 1002 820 1070 pertinent
846 1003 897 1054 et
925 1002 1033 1069 spei
1059 1018 1118 1055 ac
1143 1001 1263 1055 fidei
1298 1002 1500 1056 nostrae
1527 1003 1830 1057 ueritatem:
1867 1005 1927 1057 ut
1952 1004 2240 1057 sacerdotes

361 1089 461 1141 Dei
505 1089 555 1142 et
594 1088 836 1141 ecclesiae
881 1088 990 1141 eius
1033 1089 1096 1141 de
1139 1088 1303 1155 ipsius
1351 1089 1648 1156 dignatione
1691 1089 1971 1158 praepositi
2016 1090 2239 1144 sciamus

362 1175 994 1242 remissam'peccatorum
1031 1191 1132 1228 non
1167 1175 1270 1228 nisi
1295 1175 1349 1228 in
1377 1176 1592 1229 ecclesia
1629 1176 1741 1229 dari
1779 1191 1925 1243 posse
1962 1192 2053 1230 nec
2093 1191 2238 1244 posse
2256 1197 2304 1229 16

363 1260 680 1314 aduersarios
707 1259 900 1313 Christi
936 1260 1212 1327 quicquam
1249 1261 1349 1313 sibi
1386 1261 1520 1314 circa
1555 1262 1664 1314 eius
1700 1262 1924 1331 gratiam
1961 1262 2237 1315 uindicare.

270 1338 274 1350 ⁴
312 1358 343 1407 4
435 1345 581 1411 Quod
618 1346 827 1414 quidem
854 1349 905 1398 et
930 1346 1248 1414 Agrippinus
1285 1347 1446 1400 bonae
1481 1347 1756 1400 memoriae
1791 1348 1874 1400 uir
1910 1364 2028 1401 cum
2055 1348 2238 1401 ceteris

363 1433 669 1500 coepiscopis
708 1432 815 1485 suis
851 1432 940 1499 qui
965 1432 1056 1485 illo
1082 1433 1312 1500 tempore
1339 1432 1393 1485 in
1419 1433 1683 1500 prouincia
1709 1433 1889 1487 Africa
1915 1436 1967 1487 et
1991 1433 2240 1486 Numidia

362 1519 631 1573 ecclesiam
666 1518 877 1571 Domini
918 1519 1274 1587 gubernabant
1311 1519 1498 1572 statuit
1538 1520 1589 1571 et
1628 1519 1822 1573 librata
1860 1519 2061 1572 consilii
2099 1534 2239 1572 com-

361 1606 531 1658 munis
568 1605 939 1657 examinatione
974 1604 1220 1657 firmauit.
1260 1620 1478 1671 quorum
1512 1606 1816 1658 sententiam
1854 1605 2152 1675 religiosam
2186 1607 2298 1658 6116

361 1692 673 1761 legitimam,
719 1691 998 1744 salutarem
1033 1691 1152 1744 fidei
1180 1691 1498 1744 61666166166
1536 1692 1817 1745 catholicae
1857 1693 2237 1760 congruentem,

361 1793 452 1831 nos
480 1778 639 1831 etiam
667 1777 830 1830 secuti
857 1792 1049 1829 sumus.
1080 1778 1131 1829 et
1152 1777 1326 1844 quales
1355 1793 1506 1844 super
1530 1777 1628 1830 hac
1653 1794 1706 1830 re
1732 1778 1937 1831 litteras
1964 1778 2237 1830 fecerimus

363 1865 422 1916 ut
443 1864 616 1928 scireS,
645 1863 935 1930 exemplum
964 1879 1139 1916 earum
1160 1863 1224 1916 ad
1244 1863 1489 1916 notitiam
1508 1865 1619 1916 tam
1640 1864 1786 1916 tuam
1807 1879 1961 1930 quam
1987 1863 2239 1929 coepisco-

360 1965 543 2018 porum
563 1950 850 2002 nostrorum
876 1949 963 2016 qui
983 1949 1093 2001 illic
1114 1950 1233 2002 sunt
1253 1964 1343 2018 pro
1366 1949 1625 2002 communi
1647 1949 1919 2002 dilectione
1945 1949 2238 2002 transmisi-

359 2052 491 2089 mus.
521 2037 638 2102 opto
665 2036 733 2100 te,
761 2036 920 2088 frater
946 2035 1223 2101 carissime,
1253 2051 1452 2103 semper
1477 2035 1604 2088 bene
1630 2035 1816 2088 ualere.
2254 2053 2297 2086 20

446 2279 470 2321 1
494 2279 746 2322 examinant
775 2278 811 2322 Ο
818 2280 830 2300 ¹
952 2278 978 2320 2
1001 2277 1054 2333 si]
1078 2279 1123 2320 et
1144 2277 1183 2320 si
1210 2278 1259 2329 Τ,
1285 2278 1323 2320 61
1345 2279 1493 2320 661616
1524 2278 1634 2322 ΟΗυ
1748 2277 1886 2320 fuerit
1907 2276 2078 2320 sedenti
2100 2277 2179 2320 Hv

329 2361 332 2364 ·
357 2349 384 2393 3
399 2351 537 2405 prius
556 2350 605 2392 in
626 2363 707 2393 om.
735 2350 772 2394 C
904 2349 930 2392 6
952 2349 1192 2392 efferuntur
1216 2349 1252 2394 Ο
1386 2349 1414 2392 8
1435 2349 1503 2405 61]
1527 2351 1570 2392 61
1594 2349 1663 2401 0¹,
1685 2351 1737 2391 ut
1758 2361 1839 2391 nos
1868 2348 1951 2392 C²v
2088 2347 2143 2390 10
2163 2360 2231 2390 16-

356 2421 494 2464 611666
511 2422 555 2465 P
664 2435 751 2464 666
771 2421 861 2464 6161
882 2434 962 2465 om.
989 2421 1026 2466 Ο
1129 2421 1233 2464 (1616
1251 2420 1315 2464 L¹
1432 2421 1484 2463 11
1508 2433 1730 2476 quoquam
1748 2421 1792 2463 B
1907 2420 2023 2487 circa
2042 2432 2119 2475 pro
2143 2419 2179 2463 C

356 2493 569 2550 gratiam]
593 2493 779 2537 ecclesia
807 2493 843 2538 G
1033 2492 1252 2535 uindicari
1276 2492 1317 2534 T
1517 2492 1570 2534 12
1592 2491 1774 2546 quidam
1796 2493 1841 2534 et
1863 2492 2094 2547 agripinus
2123 2491 2178 2535 0¹

355 2565 426 2608 uir
455 2565 493 2610 O
510 2578 543 2609 6.
566 2566 592 2609 l.
729 2566 888 2608 ceteris
907 2565 950 2607 L
970 2577 1003 2607 6.
1026 2565 1054 2607 Z.
1078 2578 1133 2607 m.
1156 2567 1188 2607 2
1325 2563 1379 2606 13
1400 2563 1448 2606 in
1470 2563 1549 2606 illo
1576 2564 1626 2615 T,
1649 2563 1729 2605 1116
1750 2563 1798 2605 16
1819 2563 1899 2607 Hv
2021 2562 2233 2618 tempori-

357 2638 439 2680 bus
463 2637 508 2680 B
725 2636 924 2680 africana
949 2637 991 2679 Τ
1006 2636 1083 2679 sed
1103 2649 1162 2678 na
1182 2649 1215 2679 6.
1239 2635 1267 2679 Ζ.
1490 2635 1544 2677 14
1565 2634 1732 2677 librato
1753 2634 1833 2677 Hv
2049 2633 2235 2676 consilio

357 2709 581 2752 communi
601 2709 659 2752 H
862 2708 917 2751 15
938 2708 1135 2750 examine
1158 2722 1184 2752 v
1391 2706 1658 2749 sententiam
1681 2707 1725 2748 et
1746 2720 1772 2750 v
1974 2706 2027 2749 16
2050 2707 2095 2748 et
2118 2705 2236 2747 salu-

356 2782 498 2823 tarem
520 2780 645 2824 HPv
816 2781 1083 2835 congruente
1105 2779 1150 2821 B
1343 2778 1396 2820 17
1419 2777 1642 2820 consecuti
1666 2778 1714 2829 T,
1740 2777 1875 2820 sicuti
1897 2777 1941 2820 B
2106 2789 2237 2832 super

356 2851 440 2893 hac
460 2865 506 2894 re
528 2864 585 2894 ex
606 2851 795 2907 superba
816 2853 886 2894 est
913 2851 959 2902 Ο,
984 2864 1112 2906 super
1132 2850 1246 2893 hanc
1272 2851 1313 2894 T
1520 2849 1703 2893 fecimus
1725 2849 1782 2892 H
1991 2849 2045 2892 18
2065 2850 2160 2891 tam
2181 2847 2237 2891 ad

357 2922 568 2965 notitiam
597 2922 632 2967 O
650 2922 729 2966 sed
749 2924 844 2965 tam
864 2936 897 2965 6.
921 2923 947 2965 l.
1181 2921 1482 2977 episcoporum
1505 2921 1550 2963 P
1789 2920 1846 2963 20
1866 2922 1968 2975 opto
1996 2954 2003 2962 .
2025 2953 2033 2962 .
2053 2952 2061 2960 .
2087 2919 2238 2962 ualere

358 3006 440 3036 om.
470 2993 599 3037 GLP
855 3007 935 3036 uos
957 2979 1138 3036 fss‘kffii
1160 2993 1216 3036 Β.
1239 3018 1294 3026 -—
1315 2992 1385 3035 Ad
1407 2991 1624 3046 Quintum
1644 2991 1696 3035 de
1718 2991 1931 3035 hereticis
1953 2990 2235 3047 baptizandis

359 3064 430 3119 (de
466 3064 738 3119 baptismate
773 3065 1069 3108 hereticorum
1097 3065 1158 3120 B)
1197 3064 1379 3121 explicit
1408 3063 1615 3119 (epistola
1654 3063 1751 3106 ἸΙΙ·
1789 3063 1896 3106 add.
1938 3063 1995 3117 T)
2032 3063 2131 3114 BT,
2166 3061 2235 3105 Ad

358 3135 573 3189 Quintum
609 3136 790 3192 explicit
812 3137 868 3189 P,
904 3136 1100 3192 Explicit
1136 3137 1237 3191 (om.
1262 3136 1330 3190 N)
1351 3134 1487 3179 Cecili
1510 3134 1720 3190 Cypriani
1760 3134 1815 3178 ad
1837 3133 2051 3188 Quintum
2080 3132 2236 3189 (Quin-

356 3207 504 3250 tinum
535 3208 606 3264 0²)
628 3207 812 3263 explicit
833 3209 935 3263 (om.
968 3207 1022 3262 C)
1051 3207 1147 3259 GN,
1171 3220 1254 3251 om.
1279 3207 1385 3250 LH.
1410 3231 1463 3238 —
