2332 3978
334 327 442 381 840
1007 326 1252 382 (3111161111Δ
1279 300 1551 384 Cypriani

335 455 492 510 stiani
519 457 678 525 [esse]
704 457 1158 525 perseuerauerint,
1199 456 1365 525 capite
1390 472 1590 525 quoque
1613 456 1916 523 multentur,
1945 458 2209 512 matronae

339 543 594 612 ademptis
619 543 766 597 bonis
791 544 847 598 in
873 544 1083 598 exilium
1108 543 1420 612 relegentur,
1457 541 1747 596 Caesariani
1773 545 1946 598 autem
1972 544 2214 612 quicum-⁷

335 644 432 696 que
458 629 543 682 uel
567 629 712 696 prius
736 630 957 683 confessi
981 629 1187 683 fuerant
1210 628 1297 683 uel
1317 643 1452 681 nunc
1477 627 1694 682 confessi
1718 627 1910 681 fuerint
1934 629 2208 683 confiscen-

334 716 423 769 tur
465 717 518 768 et
561 715 724 768 uincti
768 716 824 769 in
864 714 1191 769 Caesarianas
1234 714 1576 782 possessiones
1627 702 1871 783 descripti
1913 702 2206 769 mittantur.

335 802 552 855 subiecit
602 803 758 855 etiam
804 802 1105 856 Valerianus
1153 802 1434 869 imperator
1482 800 1701 853 orationi
1751 816 1871 854 suae
1916 802 2205 871 exemplum
2221 820 2242 851 ⁵
2321 792 2325 794 ’

335 886 630 940 litterarum
666 903 790 955 quas
826 888 891 941 ad
929 887 1189 955 praesides
1223 886 1607 954 prouinciarum
1632 887 1694 939 de
1719 887 1865 940 nobis
1901 886 2048 940 fecit:
2083 903 2208 955 quas

333 973 536 1027 litteras
574 974 761 1027 cotidie
797 989 1058 1042 speramus
1087 959 1275 1037 uenire,
1316 974 1511 1026 stantes
1538 973 1818 1026 secundum
1844 972 1964 1026 fidei
1989 973 2209 1026 firmita-

333 1059 440 1111 tem
462 1060 525 1112 ad
545 1060 794 1127 passionis
821 1059 1149 1113 tolerantiam
1175 1060 1226 1111 et
1253 1060 1578 1127 expectantes
1600 1051 1666 1110 'de
1692 1073 1784 1126 ope
1812 1059 1862 1112 et
1887 1059 2212 1129 indulgentia

333 1144 543 1198 Domini
592 1147 733 1200 uitae
783 1148 1015 1199 aeternae
1067 1160 1318 1198 coronam.
1373 1146 1585 1198 Xistum
1636 1147 1812 1198 autem
1856 1145 1911 1198 in
1957 1146 2209 1199 cimiterio

335 1232 752 1285 animaduersum
797 1232 990 1285 sciatis
1014 1231 1160 1285 VIII.
1207 1232 1278 1286 id.
1319 1231 1454 1301 Aug.
1502 1231 1585 1284 die
1626 1232 1677 1284 et
1717 1248 1835 1285 cum
1879 1247 1934 1285 eo
1975 1232 2208 1285 diacones
2225 1244 2268 1277 1⁰

336 1318 592 1384 quattuor.
637 1317 726 1370 sed
752 1319 803 1371 et
828 1318 949 1371 huic
983 1318 1326 1385 persecutioni
1364 1318 1553 1371 cotidie
1588 1319 1841 1371 insistunt
1875 1318 2122 1386 praefecti
2157 1318 2211 1371 in

335 1403 475 1467 urbe,
528 1405 588 1456 ut
632 1404 675 1456 si
723 1405 810 1471 qui
861 1404 959 1456 sibi
1010 1404 1170 1457 oblati
1221 1403 1412 1457 fuerint
1461 1405 1942 1458 animaduertantur
1987 1407 2038 1458 et
2081 1405 2213 1458 bona

338 1504 512 1542 eorum
539 1489 658 1542 fisco
685 1490 1031 1542 uindicentur.
2117 1535 2121 1538 .

288 1580 319 1630 2
406 1576 547 1628 Haec
585 1577 702 1643 peto
740 1593 830 1644 per
870 1592 959 1629 uos
988 1579 1039 1629 et
1066 1578 1249 1630 ceteris
1292 1578 1504 1647 collegis
1541 1578 1729 1631 nostris
1768 1578 2104 1647 innotescant,
2151 1579 2212 1630 ut

334 1662 524 1729 ubique
551 1662 758 1715 hortatu
786 1678 960 1715 eorum
987 1663 1148 1731 possit
1174 1663 1472 1717 fraternitas
1500 1664 1812 1717 corroborari
1834 1665 1884 1717 et
1905 1666 1969 1717 ad
1996 1679 2211 1733 agonem
2231 1678 2271 1709 1⁵

335 1748 624 1814 spiritalem
663 1749 971 1815 praeparari,
1015 1750 1074 1802 ut
1113 1750 1306 1818 singuli
1335 1766 1393 1802 ex
1419 1751 1606 1803 nostris
1645 1765 1745 1802 non
1785 1751 1954 1819 magis
1992 1751 2214 1803 mortem

336 1835 564 1903 cogitent
584 1851 740 1902 quam
761 1835 1196 1888 inmortalitatem
1220 1836 1269 1888 et
1290 1836 1440 1903 plena
1461 1835 1560 1888 fide
1578 1853 1636 1889 ac
1655 1837 1766 1889 tota
1786 1837 1980 1889 uirtute
1995 1836 2214 1890 Domino

337 1921 494 1973 dicati
535 1921 794 1989 gaudeant
829 1922 998 1991 magis
1037 1938 1190 1989 quam
1218 1923 1439 1974 timeant
1465 1922 1519 1974 in
1545 1922 1639 1975 hac
1667 1922 1993 1991 confessione,
2034 1923 2089 1975 in
2115 1938 2216 1990 qua

337 2008 508 2060 sciunt
534 2008 632 2061 Dei
671 2009 722 2060 et
749 2008 939 2061 Christi
987 2010 1181 2062 milites
1220 2026 1318 2062 non
1358 2010 1543 2076 perimi
1583 2011 1670 2062 sed
1710 2010 1949 2062 coronari.
1997 2010 2113 2076 opto
2144 2009 2212 2073 te,

335 2093 495 2146 frater
521 2094 798 2158 carissime,
827 2110 1027 2162 semper
1053 2095 1106 2147 in
1132 2095 1350 2148 Domino
1378 2096 1505 2148 bene
1531 2096 1721 2148 ualere.
2228 2110 2271 2143 20

423 2296 446 2338 1
469 2309 562 2338 esse
584 2309 665 2339 om.
699 2296 775 2352 Gn
989 2298 1276 2351 perseuerant
1297 2296 1354 2339 H
1569 2297 1798 2338 mutentur
1825 2296 1875 2348 T,
1898 2295 2148 2337 mulcentur
2169 2310 2215 2349 μ,

333 2368 582 2424 plectentur
603 2368 659 2410 H
865 2369 1093 2410 matronae
1115 2381 1217 2410 uero
1239 2368 1343 2420 HT,
1368 2369 1413 2410 et
1435 2381 1582 2410 romae
1605 2385 1635 2422 μ
1849 2367 1875 2409 2
1897 2366 2069 2422 adeptis
2099 2366 2162 2410 W

334 2441 579 2497 religentur
606 2441 721 2492 TW,
746 2441 1045 2497 relegerentur
1073 2440 1112 2484 G
1359 2440 1601 2483 caesariani
1624 2440 1789 2496 autem]
1813 2452 2047 2482 causarum
2069 2439 2160 2493 atq.
2182 2453 2214 2492 μ

332 2512 411 2556 sed
434 2526 630 2555 cesarum
651 2526 683 2556 s.
709 2513 735 2555 Z.
759 2527 814 2556 m.
836 2516 865 2555 2
1057 2512 1084 2555 3
1105 2512 1288 2554 fuerunt
1316 2513 1380 2557 W
1568 2511 1597 2555 4
1618 2511 1890 2554 cessarianas
1919 2512 1960 2555 Τ
2143 2509 2213 2564 de-

335 2584 544 2639 scriptam
570 2586 620 2635 T,
642 2586 686 2627 ct
707 2584 912 2640 inscripti
942 2584 993 2635 G,
1018 2586 1062 2626 et
1084 2583 1239 2639 scripti
1262 2601 1293 2638 μ
1477 2584 1504 2627 5
1525 2583 1683 2627 deiecit
1711 2583 1771 2627 W
1954 2582 2211 2638 imperator]

333 2656 646 2711 imploratione
673 2658 736 2701 W
917 2655 1133 2698 orationis
1155 2655 1219 2707 H,
1240 2655 1287 2698 in
1311 2656 1527 2699 orationis
1558 2655 1612 2710 G,
1636 2669 1716 2698 om«.
1748 2655 1811 2698 W
1990 2667 2070 2697 sua
2096 2655 2159 2699 W

332 2730 526 2784 exemplo
556 2728 606 2780 G,
632 2730 676 2773 et
699 2730 943 2785 exemplum
971 2731 1011 2774 T
1174 2730 1200 2772 6
1221 2729 1401 2772 litteras
1430 2728 1471 2771 G
1633 2726 1881 2783 praesidem
1902 2726 1960 2770 H
2113 2739 2211 2782 pro-

329 2802 504 2845 uinciae
534 2802 573 2845 G
726 2816 834 2858 quas
859 2817 939 2846 om.
964 2803 1019 2846 H
1169 2803 1192 2845 7
1218 2802 1405 2858 stantes]
1429 2802 1546 2844 state
1569 2813 1670 2855 ergo
1701 2799 1740 2843 G
1894 2799 1921 2842 8
1944 2799 1989 2841 et
2010 2811 2090 2841 om.
2119 2798 2162 2841 T

330 2876 582 2930 spectantes
606 2891 636 2929 μ
849 2875 909 2931 et]
933 2876 978 2917 et
999 2874 1052 2917 de
1079 2876 1121 2918 T
1327 2874 1353 2917 9
1376 2874 1601 2916 aeternam
1630 2873 1670 2915 T
1880 2871 2061 2926 xyxtum
2082 2869 2210 2925 119¹,

336 2946 500 2989 sixtum
531 2946 640 3002 Gyst,
664 2947 882 2990 christum
909 2948 958 2999 T,
981 2949 1183 2990 crescunt
1211 2947 1274 2991 W
1487 2944 1770 3001 cymiterium
1797 2943 1847 2995 G,
1873 2941 2106 2985 cometerio
2133 2942 2187 2985 T¹
2203 2975 2214 2995 ,
2288 2992 2291 2994 ¹

329 3020 583 3063 coemiterio
614 3021 702 3065 Wv
868 3020 923 3063 10
943 3019 1071 3063 VIII.
1096 3019 1216 3062 idum
1242 3005 1342 3074 6ἷὲζῖ.
1369 3020 1417 3069 T,
1441 3016 1480 3059 V
1498 3017 1650 3059 iduum
1673 3002 1771 3072 aug<
1795 3015 1859 3067 H,
1880 3016 2036 3057 octauo
2061 3006 2214 3056 iduum

332 3095 622 3149 augustarum
646 3107 706 3148 μυ
907 3092 977 3135 die
999 3105 1081 3135 om.
1109 3090 1173 3135 W
1372 3103 1421 3133 eo
1443 3088 1664 3145 diacones]
1689 3087 1839 3130 eodem
1868 3085 2016 3138 GHT,
2039 3084 2143 3129 code
2167 3102 2213 3141 μ,

320 3166 483 3209 ·6ο(16111
505 3164 707 3208 diacones
739 3164 797 3208 W
1018 3163 1071 3206 11
1095 3164 1302 3219 quartum
1332 3162 1385 3214 G,
1409 3174 1592 3218 quarum
1615 3176 1646 3215 μ
1860 3158 1909 3201 111
1929 3157 2082 3201 urbem
2105 3157 2213 3209 HT,

332 3250 412 3281 om.
443 3238 506 3282 W
668 3237 722 3280 12
744 3236 848 3293 sibi]
871 3236 936 3279 ibi
964 3235 1004 3280 G
1157 3235 1350 3278 fuissent
1376 3235 1438 3278 W
1597 3231 1655 3277 14
1677 3230 1737 3287 et]
1761 3232 1812 3273 ut
1838 3230 1902 3275 W
2054 3226 2214 3271 ceteris

327 3323 407 3354 om.
441 3310 516 3366 Gn
709 3309 979 3351 innotiscant
1006 3307 1070 3352 W
1253 3308 1305 3349 ut
1327 3305 1505 3362 ubique]
1528 3304 1605 3347 ubi
1627 3320 1657 3359 μ
1852 3301 1904 3344 17
1926 3300 2128 3357 cogitant
2157 3298 2212 3350 G,

336 3382 556 3426 concitent
583 3382 624 3425 T
727 3380 787 3436 et]
811 3394 861 3423 ex
887 3380 951 3425 W
1055 3379 1110 3423 18
1131 3378 1279 3422 dicata
1299 3378 1399 3434 Ημ,
1422 3377 1544 3420 dicat
1567 3375 1606 3418 T
1624 3377 1646 3417 t
1665 3375 1716 3417 in
1737 3387 1826 3417 ras.
1937 3372 1990 3416 19
2010 3372 2112 3428 opto
2137 3402 2148 3413 .
2166 3402 2175 3412 .
2195 3402 2204 3411 .

334 3454 483 3497 ualere
505 3467 574 3497 om
586 3452 679 3496 GH
685 3454 749 3498 W
755 3469 771 3507 ,·
794 3464 922 3495 amen
943 3451 1050 3495 add,
1081 3449 1121 3494 G
1340 3448 1398 3492 20
1418 3449 1466 3491 in
1487 3446 1663 3491 domino
1686 3459 1768 3489 om.
1792 3461 1837 3501 μ.
1860 3468 1912 3476 -—
1939 3442 2009 3486 Ad
2032 3440 2219 3498 (Caecili

329 3525 542 3582 Cypriani
568 3524 757 3580 epistola
780 3523 835 3566 ad
861 3507 917 3573 Τί
940 3523 1197 3566 successum
1219 3520 1402 3577 explicit
1428 3520 1544 3571 TW,
1570 3533 1650 3562 om.
1682 3514 1819 3573 ζτἨμ.
1846 3539 1895 3548 -
