2332 3978
280 294 409 350 832Ἰ
950 292 1490 352 Caecilii'Gypriani

279 424 494 478 nolite
536 423 833 493 cogitare
871 425 1188 493 quomodo
1224 426 1335 478 aut
1372 425 1527 493 quid
1562 425 1938 493 loquamini.
1987 425 2170 480 dabi-

278 513 387 564 tur
441 511 606 564 enim
662 510 850 564 uobis
900 511 965 564 in
1012 511 1136 564 illa
1189 511 1344 565 hora
1399 511 1555 579 quid
1613 511 1988 579 loquamini.
2046 527 2167 566 non

279 598 445 652 enim
495 611 607 650 uos
658 591 819 651 e'stis
867 597 976 665 qui
1021 597 1406 665 loquimini,
1466 598 1575 650 sed
1624 597 1908 664 spiritus
1953 598 2168 666 patris

278 684 489 737 uestri
545 683 654 751 qui
710 683 1012 750 loquitur
1067 683 1132 736 in
1188 684 1393 736 uobis,
1457 685 1509 736 et
1558 683 1778 737 iterum:
1835 681 2055 752 ponite
2100 684 2163 737 in

279 770 584 824 cordibus
646 770 892 823 uestris
953 785 1072 823 non
1135 769 1605 838 praemeditari
1644 802 1645 805 =
1669 784 1987 823 excusare.
2011 805 2013 807 -
2049 786 2198 840 ego-0

280 857 445 910 enim
486 856 642 908 dabo
682 856 866 910 uobis
902 872 965 909 os
1001 857 1063 908 et
1098 857 1517 923 sapientiam,
1559 855 1663 909 cui
1702 871 1821 908 non
1857 856 2170 923 poterunt

279 943 596 996 resistere
634 942 1004 996 aduersarii
1042 943 1272 996 uestri,
1312 943 1367 995 in
1393 957 1491 1011 quo
1529 943 1740 1010 quidem
1766 944 1819 995 et
1845 942 2165 995 credentium

282 1044 471 1098 magna
505 1029 695 1082 fiducia
730 1030 809 1082 est
835 1029 886 1081 et
912 1029 1063 1096 culpa
1091 1029 1402 1097 grauissima
1427 1029 1741 1097 perfidorum
1766 1043 1866 1081 non
1893 1029 2095 1081 credere
2120 1028 2167 1080 ei

280 1115 369 1182 qui
406 1130 459 1166 se
485 1131 655 1194 opem.
673 1130 821 1167 suam
859 1115 1104 1167 daturum
1144 1115 1507 1168 confitentibus
1545 1115 1821 1184 pollicetur
1861 1130 1953 1168 nec
1989 1129 2167 1169 rursus

281 1203 498 1255 eundem
526 1200 709 1254 timere
736 1201 826 1268 qui
853 1202 1118 1254 aeternam
1144 1217 1360 1268 poenam
1386 1202 1696 1271 negantibus
1725 1201 2063 1254 conminatur.
2182 1223 2226 1255 10

230 1294 262 1344 6
352 1287 493 1352 Quae
529 1302 620 1340 uos
657 1288 844 1352 omnia,
885 1288 1160 1341 fortissimi
1197 1304 1255 1340 00
1280 1288 1575 1341 fidelissimi
1610 1288 1807 1341 milites
1835 1287 2044 1351 Christi,
2086 1287 2167 1339 in-

281 1374 526 1427 sinuastis
572 1374 820 1427 fratribus
865 1374 1073 1438 nostris,
1121 1374 1415 1442 conplentes
1462 1374 1614 1427 factis
1660 1374 1795 1442 quod
1837 1374 2009 1426 uerbis
2051 1374 2168 1426 ante

279 1461 544 1524 docuistis,
582 1461 746 1513 futuri
773 1461 989 1513 maximi
1016 1461 1070 1513 in
1097 1476 1253 1530 regno
1281 1461 1540 1514 caelorum
1565 1461 1839 1527 pollicente
1865 1460 2088 1512 Domino
2116 1461 2168 1512 et

280 1548 508 1601 dicente:
562 1547 668 1614 qui
708 1546 948 1600 fecerit
988 1548 1049 1599 et
1087 1548 1180 1600 sic
1219 1547 1518 1600 docuerit
1556 1547 1873 1600 maximus
1914 1546 2167 1599 uocabi-

279 1635 385 1686 tur
422 1633 486 1686 in
523 1632 716 1702 regno
757 1635 1100 1687 caelorum.
1143 1634 1362 1701 denique
1398 1635 1689 1701 exemplum
1727 1634 1959 1685 uestrum
1994 1633 2167 1685 secuta
2183 1653 2224 1684 ιε»

279 1720 557 1787 multiplex
591 1720 758 1787 plebis
794 1721 960 1787 portio
1000 1721 1230 1773 confessa
1266 1722 1344 1773 est
1380 1720 1650 1772 uobiscum
1676 1720 1869 1787 pariter
1896 1722 1947 1772 et
1974 1718 2169 1786 pariter

281 1808 520 1859 coronata
557 1809 651 1871 est,
690 1822 875 1859 conexa
908 1807 1056 1860 uobis
1094 1807 1300 1859 uinculo
1343 1807 1659 1860 fortissimae
1685 1806 1914 1859 caritatis
1942 1807 1994 1858 et
2019 1820 2165 1872 prae-

279 1893 462 1959 positis
500 1893 608 1946 suis
646 1909 736 1945 nec
773 1909 968 1946 carcere
995 1910 1088 1946 nec
1115 1894 1345 1946 metallis
1372 1895 1622 1961 separata.
1664 1893 1809 1946 cuius
1837 1907 2048 1945 numero
2075 1907 2168 1944 nec

281 1979 510 2048 uirgines
538 1980 739 2043 desunt,
769 1981 955 2047 quibus
977 1981 1041 2033 ad
1064 1981 1452 2048 sexagenarium
1479 1980 1710 2033 fructum
1737 1980 1978 2032 centenus
1999 1993 2167 2031 acces-

282 2066 352 2119 sit
390 2082 618 2133 quasque
654 2068 718 2119 ad
755 2067 1030 2119 caelestem
1075 2082 1313 2119 coronam
1357 2067 1522 2135 gloria
1565 2067 1771 2135 gemina
1813 2065 2063 2132 prouexit.
2110 2065 2164 2116 in
2181 2084 2224 2115 20

284 2153 455 2219 pueris
493 2168 693 2220 quoque
728 2153 898 2205 uirtus
934 2153 1098 2205 maior
1136 2154 1305 2206 aetate
1333 2168 1487 2205 annos
1515 2168 1632 2204 suos
1659 2152 1988 2204 confessionis
2015 2151 2167 2203 laude

201 2283 204 2286 .
285 2239 624 2302 transcendit,
665 2241 724 2292 ut
751 2239 991 2307 martyrii
1018 2239 1185 2292 uestri
1211 2239 1424 2292 beatum
1452 2254 1662 2307 gregem
1692 2238 1743 2290 et
1771 2253 1918 2290 sexus
1946 2238 1997 2290 et
2024 2238 2166 2290 aetas

282 2325 449 2377 omnis
477 2327 693 2378 ornaret.

353 2410 452 2475 Qui
502 2428 638 2464 nunc
686 2411 850 2476 uobis,
904 2411 1234 2464 dilectissimi
1285 2411 1486 2475 fratreS,
1547 2410 1884 2463 conscientiae
1935 2409 2165 2462 uictricis

283 2498 445 2567 uigor,
499 2513 627 2564 quae
678 2497 974 2550 sublimitas
1025 2497 1203 2563 animi,
1257 2513 1383 2564 quae
1427 2498 1481 2549 in
1525 2512 1675 2550 5011511
1726 2497 2024 2560 exultantia,
2078 2496 2164 2563 qui
2182 2519 2222 2550 25

451 2685 479 2728 4
509 2684 612 2727 Luc.
644 2683 713 2734 21,
749 2683 814 2726 14.
850 2685 916 2728 15.
1037 2685 1092 2727 14
1122 2684 1286 2728 Matth.
1317 2684 1356 2737 5,
1391 2684 1458 2727 19.

368 2858 393 2901 1
417 2857 632 2913 quomodo
654 2858 697 2901 L
718 2871 751 2901 5.
774 2859 804 2901 l.
991 2857 1208 2914 quomodo
1230 2859 1310 2900 aut
1330 2870 1412 2902 om.
1438 2857 1533 2901 RV
1712 2857 1892 2900 dabitur
1916 2890 1925 2899 .
1947 2890 1955 2898 .
1975 2891 1985 2901 .
2010 2856 2164 2912 loqua-

281 2929 394 2972 mini
415 2943 496 2973 om.
520 2929 565 2973 R
695 2929 722 2972 3
744 2929 820 2984 qui
844 2942 943 2985 emp.
967 2930 1027 2982 N,
1052 2929 1160 2985 quid
1190 2929 1242 2974 0¹
1383 2928 1630 2984 loquamini
1653 2929 1861 2981 LP¹R¹,
1882 2928 2038 2973 lomini
2059 2929 2112 2972 N

279 3002 307 3045 ὃ
329 3000 526 3045 excusari
548 3000 586 3044 Ο
714 3000 741 3043 6
762 3014 809 3044 05
831 3002 882 3044 in
901 3014 992 3045 ras,
1015 3001 1072 3053 R,
1096 3003 1141 3044 et
1163 3014 1210 3044 os
1232 3002 1287 3053 P,
1311 3015 1391 3044 om.
1416 3001 1460 3044 L
1587 3001 1645 3057 01]
1672 3000 1746 3044 sed
1767 3001 1811 3044 L
1936 3000 2162 3057 poterunt]

279 3074 464 3128 possunt
492 3073 539 3125 G,
562 3071 737 3128 possint
757 3073 802 3116 R
948 3074 976 3117 8
997 3086 1187 3130 magnae
1208 3094 1252 3117 *ae
1274 3074 1319 3118 R
1340 3075 1384 3116 et
1407 3086 1522 3118 eras.
1659 3072 1843 3115 fiduciae
1865 3073 1911 3117 R
2045 3072 2085 3115 ei
2108 3085 2165 3115 ex

280 3146 325 3186 et
354 3145 391 3189 O
584 3145 610 3188 9
632 3143 957 3188 confidentibus
986 3145 1023 3189 O
1218 3146 1273 3188 10
1294 3146 1389 3202 qui]
1413 3145 1519 3201 quia
1546 3145 1599 3190 0¹
1613 3145 1705 3190 PR
1899 3144 1956 3189 12
1976 3143 2164 3199 implen-

278 3218 347 3259 tes
368 3216 452 3260 Mv
619 3216 674 3260 16
695 3218 765 3260 est
786 3229 869 3260 om.
893 3217 947 3261 N
1106 3218 1151 3260 et
1172 3217 1342 3273 pariter
1364 3231 1446 3261 om.
1470 3217 1612 3261 LNP
1775 3216 1827 3259 17
1851 3216 2057 3259 coronata
2078 3214 2182 3273 051]

281 3287 532 3331 confortata
561 3288 598 3332 G
730 3288 980 3333 fortissima
1001 3290 1047 3333 01
1067 3290 1113 3334 R
1245 3289 1471 3333 claritatis
1499 3289 1553 3334 0¹
1694 3288 1754 3345 et]
1779 3290 1824 3331 et
1844 3301 1870 3331 a
1892 3287 2107 3332 GMPRv

279 3359 546 3415 praepositi*
571 3359 641 3403 sui
662 3359 706 3404 R
727 3374 747 3402 5
771 3374 887 3404 eras.
1102 3362 1157 3405 18
1179 3362 1354 3416 separat
1374 3361 1431 3405 N
1633 3359 1687 3403 19
1709 3359 2039 3415 sexagenariom
2059 3357 2107 3402 R

280 3430 453 3473 fructus
477 3430 647 3487 GMN;
671 3432 731 3486 cf,
746 3446 795 3488 p.
817 3434 984 3488 202,15
1119 3432 1176 3476 20
1196 3432 1267 3488 ad]
1292 3433 1371 3475 aut
1392 3431 1496 3475 LM
1629 3429 1798 3498 gloriae
1817 3429 2044 3485 geminata
2071 3426 2110 3473 Ο

279 3502 336 3545 23
360 3504 606 3546 *01·**naret
625 3503 670 3548 R
900 3503 958 3548 24
978 3503 1071 3560 qui]
1095 3502 1211 3559 quod
1227 3503 1271 3547 L
1492 3500 1791 3558 dilectissimi]
1815 3499 1951 3545 dauid
1971 3512 2087 3544 corr.
2107 3498 2162 3543 in

282 3572 412 3616 dabit
441 3573 478 3618 Ο
