2332 3978
293 301 399 355 408
961 295 1201 341 Caecilii
1232 293 1504 352 Cypriani

295 444 447 496 opera
490 429 542 480 et
585 426 838 496 martyria
880 425 1162 495 praecedit,
1204 439 1332 492 quae
1370 423 1642 477 nobiscum
1668 437 1870 490 semper
1895 423 2102 477 aeterna
2127 423 2187 478 in

296 513 470 583 regnis
496 512 802 567 caelestibus
827 510 1163 580 permanebit.
1203 510 1329 563 tolle
1367 509 1449 561 illi
1487 508 1823 575 patientiam,
1864 514 1913 563 et
1955 509 2187 564 desolata

294 614 395 653 non
433 600 611 663 durat,
651 598 776 651 tolle
815 597 1104 651 sustinendi
1141 595 1495 662 tolerandique
1522 594 1889 659 substantiam,
1930 595 1982 648 et
2019 596 2180 650 nullis

295 685 552 739 radicibus
579 700 637 737 ac
662 684 863 736 uiribus
889 682 1199 750 perseuerat.
1265 680 1525 749 apostolus
1562 681 1784 748 denique
1812 696 1931 734 cum
1958 681 2020 735 de
2046 682 2178 736 cari·
2288 747 2290 750 .

294 773 404 825 tate
429 771 744 838 loqueretur,
772 769 1104 822 tolerantiam
1131 768 1212 819 illi
1240 768 1291 820 et
1317 766 1626 834 patientiam
1647 766 1859 820 iuncxit.
1903 768 2180 834 caritaS,
2199 789 2238 821 .⁵
2290 834 2294 840 Ι

294 857 488 925 inquit,
529 857 941 925 magnanima
979 856 1102 919 est,
1144 853 1386 907 caritas
1425 853 1712 921 benigna
1752 854 1874 918 est,
1933 853 2183 908 caritas

294 959 411 997 non
469 943 858 1006 aemulatur,
922 958 1041 995 non
1098 939 1410 1004 inflatur,
1474 955 1592 993 non
1648 940 1999 1005 inritatur,
2063 955 2185 993 non

296 1030 547 1099 cogitat
585 1030 849 1093 malum,
891 1027 1099 1080 omnia
1138 1026 1405 1095 diligit,
1446 1027 1658 1079 omnia
1696 1026 1930 1091 credit,
1971 1026 2183 1080 omnia

297 1118 543 1184 sperat,
585 1116 797 1167 omnia
836 1114 1135 1167 sustinet.
1178 1112 1403 1165 ostendit
1431 1113 1547 1165 inde
1575 1113 1727 1166 illam
1753 1129 2077 1180 perseuerare
2103 1114 2182 1166 te-

294 1203 490 1255 naciter
515 1217 684 1269 posse,
716 1201 850 1268 quod
876 1200 1078 1252 nouerit
1104 1199 1276 1252 omnia
1303 1199 1571 1252 sustinere.
1614 1201 1664 1252 et
1692 1200 1793 1252 alio
1819 1199 1954 1263 loce,
1984 1199 2181 1252 susti·
2201 1185 2244 1253 io
2316 1209 2318 1246 ἱ

294 1290 548 1352 nenteS,
588 1287 782 1354 inquit,
841 1286 1123 1339 inuicem
1161 1285 1224 1337 in
1265 1285 1648 1350 dilectione,
1711 1285 1875 1339 satis
1915 1286 2182 1354 agentes
2315 1277 2320 1282 ’

297 1355 553 1427 seruare
611 1373 935 1426 unitatem
999 1372 1283 1439 spiritus
1339 1372 1402 1424 in
1462 1372 1920 1425 coniunctione
1977 1371 2181 1439 pacis,

295 1460 532 1526 probauit
559 1475 651 1511 nec
677 1459 932 1511 unitatem
960 1458 1153 1511 seruari
1179 1473 1326 1525 posse
1352 1474 1443 1511 nec
1481 1474 1687 1526 pacem,
1727 1458 1828 1511 nisi
1867 1474 1919 1511 se
1957 1458 2182 1511 inuicem

296 1545 481 1598 fratres
508 1548 692 1598 mutua
720 1545 993 1598 tolerantia
1020 1545 1227 1597 foueant
1254 1546 1305 1598 et
1326 1546 1622 1599 concordiae
1644 1545 1913 1598 uinculum
1934 1545 2184 1613 patientia

296 1633 641 1685 intercedente
670 1633 977 1684 custodiant.
2175 1639 2177 1642 ’
2200 1664 2244 1696 15

216 1726 279 1776 16
369 1717 502 1782 Quid
531 1719 736 1783 deinde,
777 1720 836 1771 ut
861 1735 960 1771 non
987 1718 1124 1771 iures
1151 1734 1312 1785 neque
1339 1718 1651 1782 maledicaS,
1681 1719 1740 1770 ut
1766 1720 1857 1771 tua
1883 1718 2058 1771 ablata
2084 1705 2184 1771 non
2321 1718 2327 1726 ’

298 1806 520 1871 repetas,
563 1806 621 1856 ut
648 1805 855 1871 accepta
881 1805 1031 1872 alapa
1070 1804 1120 1856 et
1159 1804 1377 1856 alteram
1402 1805 1669 1857 maxillam
1708 1804 1998 1857 uerberanti
2037 1821 2182 1872 prae-

299 1890 442 1954 beaS,
482 1892 541 1942 ut
579 1891 725 1943 fratri
763 1891 816 1943 in
855 1893 906 1943 te
945 1892 1175 1958 peccanti
1201 1906 1300 1943 non
1326 1892 1531 1943 tantum
1559 1891 1852 1960 septuagies
1881 1891 2067 1958 septies
2096 1891 2182 1944 sed

300 1979 471 2030 omnia
498 1979 702 2031 omnino
729 1979 936 2045 peccata
962 1978 1222 2043 dimittaS,
1253 1979 1311 2030 ut
1338 1979 1528 2047 diligas
1555 1979 1792 2031 inimicos
1819 1980 1965 2043 tuos,
2006 1980 2064 2031 ut
2091 1993 2180 2045 pro

300 2064 606 2116 aduersariis
646 2066 696 2117 et
734 2064 1144 2131 persecutoribus
1180 2081 1386 2133 precem
1413 2064 1601 2129 faciaS‚
1643 2065 1897 2132 poterisne
1936 2065 2037 2118 ista
2065 2081 2180 2131 per-
2198 2081 2243 2115 20

299 2148 430 2202 ferre
467 2150 567 2202 nisi
606 2151 885 2217 patientiae
915 2153 965 2203 et
992 2151 1296 2204 tolerantiae
1322 2151 1609 2204 firmitate?
1650 2151 1785 2218 quod
1812 2152 2009 2205 factum
2036 2151 2180 2204 uide·
2215 2196 2217 2198 .

298 2253 414 2288 mus
453 2236 505 2288 in
546 2235 827 2303 Stephano,
868 2237 956 2304 qui
996 2254 1112 2290 cum
1152 2255 1181 2290 a
1219 2237 1426 2291 Iudaeis
1454 2238 1507 2290 ui
1535 2239 1586 2291 et
1613 2238 1872 2305 lapidibus
1898 2238 2180 2302 necaretur,

299 2337 396 2374 non
425 2323 522 2374 sibi
550 2323 837 2376 uindictam
866 2324 953 2376 sed
980 2324 1399 2378 interfectoribus
1426 2324 1631 2377 ueniam
1659 2324 1954 2391 postulabat
1982 2324 2179 2376 dicens:

297 2409 599 2473 Domine,
640 2426 714 2462 ne
754 2410 1009 2463 statuas
1048 2411 1200 2462 illis
1239 2411 1352 2464 hoc
1392 2412 1740 2478 peccatum.
1800 2411 1873 2463 sic
1900 2426 2007 2463 esse
2033 2424 2180 2477 opor-

298 2495 403 2547 tuit
439 2496 665 2561 primum
704 2496 986 2564 martyrem
1027 2495 1218 2549 Christi
1257 2497 1346 2564 qui
1385 2499 1640 2565 martyras
1668 2499 1931 2550 secuturos
1958 2495 2181 2566 gloriosa
2198 2511 2242 2545 25

298 2583 462 2632 morte
500 2597 828 2648 praecurrens
866 2597 965 2635 non
1003 2583 1210 2635 tantum
1248 2584 1570 2651 praedicator
1595 2585 1728 2636 esset
1756 2582 2038 2635 dominicae
2064 2598 2181 2650 pas-

300 2665 454 2718 sionis
482 2666 569 2719 sed
597 2668 647 2719 et
673 2668 1082 2733 patientissimae
1108 2669 1341 2722 lenitatis
1362 2669 1611 2722 imitator.
1654 2669 1779 2736 quid
1805 2669 1975 2722 dicam
2003 2671 2063 2722 de
2089 2670 2181 2733 ira,

472 2837 499 2878 5
530 2837 548 2878 l
575 2837 668 2881 Cor.
696 2838 761 2890 13,
785 2840 824 2880 4.
849 2840 887 2882 5.
914 2839 951 2881 7.
1044 2841 1100 2882 10
1129 2840 1240 2895 Eph.
1264 2841 1305 2893 4,
1330 2841 1357 2884 2
1380 2855 1442 2897 sq.
1535 2842 1591 2885 24
1622 2842 1720 2885 Act.
1746 2842 1785 2894 7,
1808 2842 1875 2885 60.

387 2980 409 3021 1
443 2982 589 3036 opera]
614 2981 720 3024 fidos
742 2995 872 3037 opera
896 2981 934 3025 S
1020 2997 1189 3039 semper
1210 2986 1390 3027 aeterna
1413 2984 1450 3028 S
1456 2986 1518 3030 W
1522 2986 1558 3028 G
1570 2986 1627 3038 V,
1652 2999 1685 3027 s.
1710 2987 1890 3029 aeterna
1912 2984 2028 3040 apud
2049 2983 2179 3027 deum

307 3063 348 3101 v,
371 3063 468 3105 emp.
494 3052 760 3109 Krabinyer
860 3055 887 3096 4
918 3066 1004 3097 non
1024 3058 1278 3110 perseuerat
1300 3057 1415 3100 coni.
1442 3057 1644 3112 Vahlen;
1678 3071 1742 3101 an
1764 3070 1973 3113 peruersa
1995 3055 2095 3099 est?

300 3121 327 3163 5
350 3121 642 3169 subiunxitW
722 3124 905 3168 caritias
918 3124 957 3169 S
1032 3126 1058 3169 6
1079 3126 1273 3183 benigna
1290 3130 1358 3171 est
1376 3128 1538 3172 caritas
1556 3142 1637 3173 om.
1653 3128 1691 3173 S
1768 3129 1822 3171 10
1842 3128 1961 3171 norit
1973 3127 2098 3172 WGv

301 3195 361 3250 et]
386 3194 492 3238 item
516 3196 557 3239 V
628 3198 673 3240 in
695 3198 788 3241 loco
806 3211 831 3241 v
909 3198 1224 3244 sustinentisS
1300 3202 1352 3245 11
1375 3202 1526 3258 inquit
1542 3215 1624 3246 om.
1644 3203 1686 3247 V
1760 3201 2045 3246 dilectionem
2064 3201 2102 3245 S

301 3266 476 3321 agentis
492 3267 530 3310 S
616 3270 667 3312 17
700 3270 881 3326 prebeas
902 3271 1157 3314 uerberanti
1186 3271 1227 3315 G
1325 3273 1378 3317 18
1410 3274 1664 3330 septuagies
1687 3274 1866 3330 septies]
1888 3273 2006 3316 LXX
2027 3275 2073 3317 et
2094 3272 2183 3316 VII

308 3338 378 3388 W,
399 3338 560 3393 septies
583 3340 657 3383 sed
681 3341 934 3398 septuagies
956 3343 1121 3398 septies
1141 3357 1168 3387 v
1256 3344 1311 3387 19
1342 3346 1387 3387 ct
1407 3344 1557 3389 omnia
1574 3360 1600 3390 v
1687 3345 1746 3389 20
1766 3345 2041 3389 aduersarios
2064 3343 2102 3389 S

298 3408 557 3462 perferferre
570 3411 614 3463 S,
633 3412 838 3468 perficere
849 3428 874 3458 v
947 3413 1002 3456 21
1020 3414 1313 3470 patientiaW
1383 3416 1614 3475 firmitate]
1631 3419 1782 3462 teneas
1800 3417 2098 3462 firmitatemv

301 3479 356 3522 22
378 3480 545 3525 stefano
564 3482 602 3527 S
677 3498 702 3527 a
725 3498 780 3529 ecc
797 3498 847 3529 ac
864 3499 890 3529 a
911 3486 949 3529 G
966 3499 1020 3530 m.
1033 3489 1062 3531 ,2
1139 3489 1426 3543 negareturS
1500 3490 1557 3534 25
1576 3492 1795 3546 martyres
1813 3489 1885 3535 ἂν
1963 3490 2186 3533 secutoros

304 3549 355 3593 S¹
444 3552 500 3595 26
531 3553 775 3599 dominicae
797 3557 1017 3613 passionis
1038 3557 1316 3613 praedicator
1348 3562 1466 3603 esset
1497 3576 1546 3613 v,
1578 3561 1828 3618 predicator
1849 3574 1944 3605 esse
1964 3556 2185 3605 dominice

301 3622 465 3665 meruit
485 3625 705 3678 passionis
734 3630 770 3671 G
878 3629 932 3671 27
965 3630 1010 3672 et
1030 3642 1112 3673 om.
1137 3629 1175 3673 S
1279 3631 1651 3690 patientissimae]
1677 3633 2004 3690 sapientissime
2038 3634 2102 3679 W
