2332 3978
735 263 999 322 Epistula
1039 225 1428 306 XIII—XIIII.
1910 264 2017 318 509

141 400 384 457 admirati
429 398 632 452 fuerant
677 396 819 464 prius
855 396 911 448 in
947 393 1233 447 uirtutibus
1272 393 1492 462 gloriam
1528 409 1662 447 nunc
1699 394 2020 450 admirentur

6 477 67 558 3}
140 488 194 542 in
218 485 447 539 moribus
483 482 826 551 disciplinam.
864 482 983 548 opto
1019 482 1093 546 te,
1139 479 1299 532 frater
1336 479 1614 544 carissime,
1653 495 1853 548 semper
1889 479 2018 533 bene

46 570 55 623 ζ
141 572 327 631 ualere.

0 705 10 749 1,

0 757 9 774 71

0 797 9 830 ’ζ’

0 884 6 899 ι

2 913 8 940 ἶ

27 858 36 886 ..r

0 955 67 994 ,θ
554 794 1220 916 EPIsTVLA-
1261 821 1592 914 ΧΠΠ.

0 1009 25 1048 ξ’
59 1005 70 1032 ἴ
103 1017 123 1049 5
266 996 604 1044 CYPRIANVS
633 995 1034 1040 PRESBYTERIS
1063 995 1137 1039 ET
1167 994 1450 1041 DIACONIS
1480 994 1818 1038 FRATRIBVS
1850 994 1892 1038 S.

23 570 63 627 {3

26 624 32 647 t
39 623 63 660 ,ς-

31 660 45 694 33
50 671 54 676 ·
59 669 65 693 ,ῑ

26 689 66 732 ψ

24 734 69 793 7ᾼῖῗῖ

23 1037 52 1076 3'7

0 1059 67 1089 ’,ε’

207 1157 519 1226 Optaueram
562 1157 785 1225 quidem,
831 1155 1017 1209 fratres
1060 1155 1331 1220 carissimi,
1376 1156 1435 1208 ut
1474 1154 1777 1208 uniuersum
1819 1155 2059 1208 cleruml

11 1234 65 1319 {ss}
134 1244 366 1299 nostrum
407 1243 674 1312 integrum
714 1244 765 1296 et
806 1243 1120 1296 incolumem
1162 1242 1293 1295 meis
1336 1241 1529 1294 litteris
1574 1241 1872 1294 salutarem.
1926 1239 2017 1292 sed

133 1330 374 1398 quoniam
398 1329 588 1382 infesta
611 1329 891 1396 tempestas
917 1344 1046 1396 quae
1069 1328 1275 1396 plebem
1294 1329 1524 1381 nostram
1545 1344 1604 1381 ex
1623 1328 1851 1381 maxima
1869 1328 2015 1394 parte

9 1420 68 1478 ξῑ·
131 1415 412 1485 prostrauit
453 1414 572 1468 hinc
616 1429 813 1482 quoque
862 1414 1064 1468 addidit
1111 1402 1300 1468 nostris
1341 1413 1601 1466 doloribus
1645 1410 1914 1466 cumulum
1955 1412 2016 1465 ut

4 1486 118 1575 ιο
134 1501 291 1555 etiam
317 1502 439 1555 cleri
463 1502 752 1570 portionem
778 1517 871 1554 sua
896 1501 1073 1570 strage
1091 1500 1477 1569 perstringeret,
1506 1515 1709 1553 oramus
1732 1500 2014 1552 Dominum

132 1589 192 1641 ut
226 1602 317 1640 uos
344 1602 469 1658 quos
495 1587 547 1640 et
571 1587 627 1639 in
650 1587 751 1640 fide
778 1587 829 1640 et
853 1587 910 1646 in
933 1587 1132 1640 uirtute
1167 1587 1305 1639 stare
1340 1587 1673 1655 cognouimus
1707 1586 1849 1639 tutos
1886 1599 2014 1652 quo-

14 1664 65 1746 ξ”ξῇ
136 1689 233 1741 que
257 1673 313 1726 in
336 1674 601 1741 posterum
624 1690 715 1742 per
742 1673 973 1727 diuinam
999 1673 1405 1726 misericordiam
1430 1673 1729 1727 salutemus.
1759 1673 1810 1725 et
1831 1687 2013 1739 quam-

133 1776 288 1828 quam
332 1775 487 1814 causa
530 1760 837 1827 conpelleret
870 1761 931 1814 ut
963 1761 1073 1828 ipse
1112 1761 1178 1813 ad
1212 1776 1305 1813 uos
1349 1773 1618 1828 properare
1645 1758 1696 1811 et
1720 1758 1897 1811 uenire
1924 1757 2015 1811 de-

63 2004 65 2006 .
215 1958 242 2002 1
265 1959 469 2003 atmirati
491 1959 530 2004 S
621 1960 649 2004 2
668 1961 803 2004 moris
825 1959 864 2004 S
957 1959 1256 2017 disciplinam]
1279 1960 1420 2005 codex
1441 1960 1680 2005 Remensis
1700 1973 1726 2002 r
1745 1959 1854 2016 haec
1883 1959 2017 2004 addit

51 2074 54 2079 .
130 2044 246 2088 quae
277 2032 331 2076 in
359 2037 532 2076 textum
552 2046 583 2076 a
603 2033 802 2076 Baluzio
834 2038 947 2078 sunt
980 2038 1185 2089 recepta.-
1227 2033 1287 2076 Et
1325 2046 1595 2089 quamquam
1631 2032 1746 2076 clero
1780 2034 1932 2075 nostro
1970 2034 2016 2075 et

50 2091 58 2099 7
130 2115 268 2158 nuper
289 2116 388 2146 cum
418 2103 562 2148 adhuc
593 2104 751 2148 essetis
771 2104 818 2148 in
840 2118 1007 2148 carcere
1038 2105 1286 2158 constituti,
1325 2105 1401 2148 sed
1429 2099 1545 2148 nunc
1566 2117 1736 2160 quoque
1758 2104 1898 2158 denuo
1919 2104 2015 2160 ple-

4 2183 8 2193 ‘
130 2174 313 2218 nissime
334 2175 597 2232 scripserim,
620 2178 672 2219 ut
693 2176 732 2219 si
753 2176 861 2232 quid
881 2176 954 2219 uel
974 2176 1031 2220 ad
1051 2178 1267 2220 uestitum
1287 2179 1488 2221 uestrum
1508 2178 1580 2220 uel
1601 2177 1657 2220 ad
1677 2178 1848 2221 uictum
1867 2189 2015 2219 neces-

6 2275 8 2277 »
61 2244 70 2301 ζ’
131 2246 295 2290 sarium
330 2247 479 2300 fuerit,
518 2250 805 2304 suggeratur:
842 2249 992 2291 tamen
1022 2249 1157 2292 etiam
1187 2249 1282 2304 ipse
1303 2246 1356 2292 de
1378 2249 1660 2305 sumpticulis
1691 2248 1882 2304 propriis
1904 2261 2013 2303 quos

2 2315 13 2324 ”
59 2332 63 2362 .;
129 2331 299 2362 mecum
334 2318 530 2362 ferebam
549 2319 656 2362 misi
680 2321 806 2364 uobis
828 2319 947 2364 CCL.
971 2320 1045 2364 sed
1066 2322 1111 2363 et
1132 2321 1225 2364 alia
1247 2321 1364 2366 CCL.
1388 2322 1583 2376 proxime
1604 2321 1839 2363 miseram.v
1857 2318 2015 2362 Victor

3 2438 12 2458 s
43 2392 58 2423 -⁷
131 2388 300 2447 quoque
317 2405 367 2434 ex
381 2391 544 2434 lectore
564 2405 750 2435 zaconus
771 2393 848 2448 qui
863 2406 1035 2436 mecum
1057 2395 1124 2436 est
1139 2393 1270 2436 misit
1290 2393 1416 2436 uobis
1437 2392 1644 2437 CLXXV.
1667 2392 1837 2448 gaudeo
1859 2393 2012 2434 autem

7 2474 13 2486 ²
130 2462 302 2518 quando
338 2476 549 2519 cognosco
585 2463 798 2518 plurimos
833 2464 995 2508 fratres
1030 2466 1203 2508 nostros
1225 2479 1302 2521 pro
1323 2479 1401 2508 sua
1421 2464 1658 2508 dilectione
1679 2463 1887 2507 certatim
1908 2475 2012 2506 con-

4 2534 5 2538 ’
40 2576 58 2591 „
129 2546 301 2578 currere
331 2535 377 2577 et
405 2534 690 2579 necessitates
721 2536 895 2579 uestras
926 2536 1020 2579 suis
1050 2537 1376 2580 conlationibus
1407 2536 1631 2579 adiuuare.
1769 2535 1797 2578 2
1817 2536 1998 2591 opto...

7 2617 9 2621 ’
45 2594 61 2650 s
128 2605 381 2649 meminisse
401 2618 484 2649 om.
506 2606 552 2651 R
682 2609 887 2663 optamus
908 2621 987 2651 uos
1007 2607 1169 2656 fratres
1206 2608 1429 2652 carissimi
1450 2608 1590 2651 LNP
1609 2628 1614 2632 ἡ
1705 2620 1876 2663 semper
1897 2606 2008 2650 bene

4 2683 9 2703 ³
128 2677 279 2731 ualere
315 2678 498 2734 explicit
529 2678 637 2723 add.
659 2693 714 2723 m.
737 2693 824 2724 rec.
851 2679 890 2724 S
1001 2680 1029 2723 3
1051 2680 1214 2736 ualere]
1238 2682 1283 2723 et
1302 2680 1446 2723 nostri
1480 2680 1734 2723 meminisse
1763 2678 1869 2722 add.
1893 2692 1933 2723 v.
1956 2703 2010 2710 --

2 2752 5 2761 ”
43 2773 50 2809 ⁴.
115 2745 202 2792 'Ad
233 2748 534 2806 Rogatianum
554 2752 601 2794 et
621 2752 786 2795 ceteros
821 2751 1108 2807 (confessores
1144 2751 1252 2796 add.
1276 2752 1336 2805 R,
1373 2751 1428 2795 de
1456 2751 1734 2795 obseruanda
1769 2749 2012 2805 disciplina

43 2870 66 2886 NV
130 2819 233 2865 add.
257 2821 414 2876 NLP)
435 2822 618 2879 explicit
638 2823 868 2880 LNPQR
888 2824 983 2868 nisi
1001 2824 1124 2880 quod
1146 2825 1213 2867 P:
1236 2823 1432 2880 Explicit
1453 2823 1509 2868 ad
1529 2823 1832 2879 Rogatianum
1853 2827 1932 2866 ete.
1954 2844 2010 2853 —

19 2931 23 2937 ,
44 2887 62 2958 s
213 2891 359 2949 Epist.
380 2893 536 2937 XIIII.
560 2919 616 2926 —
634 2894 804 2951 Incipit
840 2895 896 2939 ad
922 2896 1200 2952 presbyteros
1221 2897 1268 2939 et
1288 2895 1491 2940 diacones
1528 2896 1753 2951 (diaconos
1774 2894 1836 2949 R)
1866 2893 2008 2946 GRio,

2 2979 13 3021 j
54 2964 62 2998 ’ἱ
127 2962 293 3019 Incipit
331 2964 387 3009 ad
425 2965 727 3021 Rogatianum
766 2968 812 3010 et
851 2968 1016 3010 ceteros
1056 2966 1326 3011 confessores
1367 2967 1418 3021 Τ,
1461 2967 1630 3024 Incipit
1665 2965 1722 3009 ad
1760 2965 1840 3023 ΙΗΙΙΙΗ
1877 2967 1923 3009 et
1963 2953 2011 3008 ἕο

6 3061 15 3080 ι.
128 3021 226 3081 cd?
227 3037 288 3083 N.
317 3063 375 3099 ft
405 3037 434 3082 5
461 3037 730 3094 presbiteros
768 3038 839 3091 0¹,
867 3038 1140 3095 presbyteris
1170 3025 1242 3083 bb
1266 3040 1318 3082 N
1415 3038 1684 3082 diaconibus
1722 3037 1882 3089 0²Tz‘o,
1914 3036 2010 3079 dia-

129 3120 254 3153 eones
281 3109 339 3154 0¹
481 3110 508 3153 6
537 3109 605 3166 ut]
639 3110 685 3152 et
710 3110 752 3154 T
893 3110 918 3154 7
946 3110 1197 3154 incolumen
1223 3111 1266 3154 T
1407 3111 1606 3154 salutare
1626 3110 1740 3154 ΒΡ
1882 3109 1911 3152 s
1939 3107 2009 3151 in-

127 3179 265 3224 festat
293 3181 390 3226 NT
516 3182 740 3237 tempesta
759 3181 806 3226 R
936 3173 1005 3238 ex]
1038 3183 1083 3225 et
1112 3182 1213 3227 C‘T
1341 3182 1580 3226 maximam
1609 3182 1783 3237 partem
1804 3180 1900 3224 NT

11 3302 14 3307 .
33 3255 55 3284 *-
127 3251 155 3295 9
173 3251 294 3314 hinc]
317 3253 433 3298 hunc
454 3253 527 3297 No
546 3253 696 3297 sedin
716 3266 741 3297 o
760 3267 791 3297 u
811 3266 927 3299 corr.
1016 3253 1073 3298 10
1090 3254 1393 3311 perstringere
1413 3275 1435 3295 s
1461 3255 1503 3298 T
1517 3255 1540 3296 t
1561 3266 1673 3296 eras.
1756 3251 1885 3295 deum
1905 3249 1952 3295 R

130 3321 183 3366 11
202 3324 296 3380 uos]
317 3338 396 3368 uos
417 3324 576 3368 saltem
599 3324 657 3377 R,
687 3337 768 3368 uos
790 3323 983 3369 salutem
1003 3327 1056 3369 N
1155 3327 1280 3382 quos]
1305 3338 1500 3382 quosque
1520 3324 1576 3368 N
1684 3324 1731 3366 et
1751 3322 1815 3378 in]
1838 3321 1887 3364 in
1907 3333 2008 3364 con-

4 3418 54 3456 ,
129 3394 299 3438 stantia
319 3395 403 3439 eti
467 3400 470 3403 ’
515 3394 601 3438 fide
622 3395 683 3453 et]
720 3395 825 3440 fidei
852 3397 932 3442 Cio
1047 3397 1097 3441 in
1116 3397 1303 3453 uirtute]
1340 3397 1510 3439 uirtute
1540 3394 1667 3439 GRio
1783 3392 1924 3448 tutos]
1956 3392 2011 3434 ut

3 3467 47 3530 ,ἒζζ
128 3462 209 3509 hos
227 3466 334 3519 ΝΤ,
363 3467 515 3510 tantos
545 3466 605 3523 G,-
634 3467 742 3522 fort.
763 3469 937 3512 tutatos
1025 3469 1081 3512 12
1101 3468 1256 3513 diuina
1276 3465 1578 3511 misericordia
1603 3465 1662 3509 Τ2
1750 3464 1810 3520 et]
1834 3464 1886 3506 ut
1906 3462 1952 3508 R

4 3532 50 3602 ξς),
130 3534 185 3579 13
203 3537 478 3594 compellerit
497 3541 557 3591 0¹,
590 3539 809 3595 conpell*t
834 3541 876 3584 T
891 3552 914 3583 6
938 3553 1051 3584 eras.
1142 3552 1398 3596 prosperare
1425 3540 1466 3582 T
