2332 3978
301 307 409 360 268
992 305 1235 350 Caecilii
1266 305 1537 364 Cypriani

304 451 402 503 que
429 435 538 488 eius
565 451 682 488 uere
709 437 760 489 et
787 435 1093 503 spiritaliter
1118 436 1404 490 adoremus
1434 453 1564 504 quae
1591 437 1729 490 enim
1755 437 1925 506 potest
1952 453 2063 492 esse
2089 438 2198 507 spi-

302 521 473 575 ritalis
500 522 661 575 oratio
689 538 846 589 quam
872 538 1000 590 quae
1027 538 1056 576 a
1083 521 1286 577 Christo
1311 522 1457 576 nobis
1485 522 1608 576 data
1634 523 1736 587 est,
1776 540 1806 577 a
1844 538 1944 591 quo
1969 524 2116 578 nobis
2143 526 2196 578 et

302 607 530 677 Spiritus
566 609 775 662 sanctus
819 609 1010 662 missus
1056 610 1159 674 est,
1200 625 1331 677 quae
1380 625 1502 663 uera
1546 610 1672 677 aput
1715 611 1918 678 patrem
1968 612 2194 679 precatio

302 711 461 763 quam
499 711 629 763 quae
667 712 696 749 a
732 695 840 748 filio
880 696 969 764 qui
1008 696 1086 749 est
1123 696 1316 748 ueritas
1355 696 1417 749 de
1457 696 1566 749 eius
1612 711 1695 749 ore
1739 697 1940 764 prolata
1983 698 2098 751 est?
2135 699 2195 751 ut

302 781 455 834 aliter
481 798 624 835 orare
652 798 806 850 quam
833 782 1006 835 docuit
1050 798 1149 835 non
1194 783 1489 850 ignorantia
1534 784 1643 836 sola
1685 784 1755 836 sit
1800 783 1889 837 sed
1933 784 1985 837 et
2016 784 2194 852 culpa,
2212 812 2232 845 ⁵

303 868 505 935 quando
532 868 642 937 ipse
667 869 897 937 posuerit
924 869 974 921 et
1002 867 1213 921 dixerit:
1253 869 1513 922 reicitis
1540 870 1917 923 mandatum
1942 871 2088 935 Dei,
2127 871 2197 924 ut
2304 864 2306 869 ’

301 955 733 1008 traditionem
772 956 1062 1008 uestram
1101 956 1444 1009 statuatis.

247 1040 277 1090 3
375 1042 590 1095 Oremus
617 1042 808 1109 itaque,
837 1041 1021 1094 fratres
1050 1041 1391 1106 dilectissimi,
1422 1042 1557 1095 sicut
1577 1043 1827 1111 magister
1845 1043 1984 1096 Deus
2005 1043 2194 1095 docuit.

300 1129 466 1183 amica
494 1130 545 1182 et
571 1124 846 1182 familiaris
873 1129 1035 1182 oratio
1063 1130 1141 1182 est
1165 1129 1335 1181 Deum
1363 1129 1425 1181 de
1452 1144 1542 1182 suo
1568 1144 1772 1198 rogare,
1813 1130 1877 1182 ad
1912 1145 2059 1183 aures
2088 1131 2196 1183 eius

300 1217 570 1270 ascendere
598 1215 793 1268 Christi
820 1217 1121 1269 orationem.
1163 1216 1410 1285 agnoscat
1437 1217 1584 1284 pater
1619 1216 1716 1269 filii
1743 1217 1824 1269 sui
1850 1217 2033 1282 uerba,
2076 1234 2195 1270 cum
2213 1241 2255 1274 10
2313 1253 2315 1256 <

298 1319 502 1371 precem
546 1305 791 1359 facimus:
834 1306 922 1373 qui
948 1306 1152 1358 habitat
1178 1306 1321 1358 intus
1347 1306 1401 1358 in
1426 1307 1629 1373 pectore
1665 1307 1773 1373 ipse
1800 1307 1870 1360 sit
1897 1308 1949 1359 et
1974 1307 2028 1359 in
2054 1322 2193 1372 uoce,
2317 1304 2319 1306 ’

295 1392 350 1443 et
396 1407 514 1443 cum
557 1391 729 1458 ipsum
771 1392 1049 1445 habeamus
1095 1393 1219 1460 aput
1257 1393 1461 1459 patrem
1505 1394 1815 1446 aduocatum
1858 1408 1947 1461 pro
1973 1395 2196 1461 peccatis

295 1479 512 1542 nostriS,
553 1478 754 1544 quando
780 1480 1068 1545 peccatores
1096 1494 1187 1547 pro
1216 1479 1419 1532 delictis
1447 1479 1634 1531 nostris
1660 1479 1915 1546 petimus,
1957 1480 2197 1533 aduocati

296 1564 460 1616 nostri
487 1565 644 1617 uerba
670 1580 986 1632 promamus,
1025 1582 1144 1617 nam
1183 1581 1300 1617 cum
1329 1566 1492 1618 dicat:
1552 1566 1704 1633 quia
1743 1565 2195 1634 quodcumque
2316 1619 2319 1634 ,

294 1650 697 1717 petierimus
753 1667 783 1703 a
837 1652 1022 1718 patre
1079 1653 1147 1704 in
1206 1653 1459 1705 nomine
1529 1652 1669 1704 61113
1739 1653 1922 1705 dabit
1982 1653 2190 1717 1101013,
2213 1671 2252 1703 15
2314 1684 2320 1688 »

296 1738 487 1803 quanto
535 1736 793 1790 efficacius
837 1738 1179 1805 impetramus
1218 1739 1353 1805 quod
1392 1739 1619 1807 petimus
1648 1738 1844 1792 Christi
1883 1739 2104 1805 nomine,
2148 1740 2191 1792 si
2315 1727 2323 1753 ⁵

294 1825 532 1890 petamus
559 1824 721 1892 ipsius
748 1825 1015 1878 oratione?

238 1915 272 1964 4
369 1908 448 1962 Sit
475 1912 649 1963 autem
677 1912 943 1964 orantibus
972 1928 1136 1966 sermo
1165 1914 1215 1966 et
1239 1914 1465 1981 precatio
1494 1930 1613 1967 cum
1652 1915 1926 1983 disciplina
1965 1915 2193 1982 quietem

296 1999 561 2051 continens
589 2000 640 2051 et
665 2000 930 2065 pudorem.
973 2001 1259 2069 cogitemus
1304 2017 1394 2054 nos
1441 2002 1534 2054 sub
1582 2003 1855 2069 conspectu
1898 2002 1996 2054 Dei
2041 2003 2191 2053 stare.
2284 2064 2287 2068 ,
2323 2058 2332 2074 Δ,

293 2085 603 2151 placendum
649 2086 726 2138 est
772 2086 964 2139 diuinis
1011 2087 1172 2139 oculis
1218 2089 1268 2140 et
1312 2089 1496 2141 habitu
1523 2090 1746 2157 corporis
1775 2091 1826 2142 et
1852 2090 2003 2142 modo
2032 2087 2189 2140 110013.
2206 2106 2248 2138 20
2312 2083 2332 2155 »ῐῘζ

294 2187 416 2223 nam
461 2172 520 2223 ut
566 2172 863 2240 inpudentis
910 2174 988 2226 est
1015 2175 1328 2227 clamoribus
1356 2176 1608 2243 strepere,
1650 2166 1725 2228 ita
1752 2177 1927 2229 contra
1955 2174 2192 2244 congruit
2322 2160 2327 2190 ³

294 2259 580 2311 uerecundo
608 2260 856 2313 modestis
883 2261 1119 2328 precibus
1160 2278 1316 2315 orare.
1359 2263 1576 2330 denique
1615 2262 1917 2332 magisterio
1957 2277 2046 2314 suo
2085 2261 2192 2314 Do-

295 2344 467 2396 minus
495 2347 687 2399 secrete
714 2362 857 2399 orare
884 2363 973 2400 nos
1001 2348 1279 2416 praecepit,
1313 2349 1363 2400 in
1394 2349 1588 2401 abditis
1617 2349 1668 2400 et
1696 2348 1909 2401 semotis
1936 2348 2089 2411 lociS,
2139 2347 2193 2399 in

296 2431 548 2484 cubiculis
576 2432 728 2500 ipsis,
770 2433 907 2499 quod
951 2435 1122 2503 magis
1170 2435 1409 2487 conuenit
1455 2434 1600 2499 fidei,
1643 2436 1703 2487 ut
1751 2434 1975 2487 sciamus
2020 2434 2191 2486 Deum

295 2517 484 2584 ubique
513 2534 618 2571 6336
646 2521 993 2586 praesentem,
1036 2520 1213 2573 audire
1265 2536 1441 2574 omnes
1489 2523 1540 2574 et
1585 2522 1760 2574 uidere
1806 2521 1857 2573 et
1900 2519 2192 2573 maiestatis
2210 2538 2249 2571 25
2314 2592 2316 2594 q

294 2619 417 2656 suae
462 2605 782 2671 plenitudine
827 2607 882 2659 in
928 2608 1107 2660 abdita
1153 2623 1352 2674 quoque
1396 2609 1446 2660 et
1491 2609 1691 2662 occulta
1727 2608 2016 2676 penetrare,
2058 2606 2200 2658 sieut

293 2690 546 2756 seriptum
593 2692 697 2744 est:
759 2707 868 2761 ego
920 2694 1092 2746 Deus
1144 2695 1602 2763 adproximans
1651 2696 1712 2747 et
1758 2711 1878 2748 non
1915 2694 2081 2746 Deus
2120 2691 2192 2744 de

294 2775 672 2844 longinquo.
732 2779 785 2830 si
825 2779 1258 2833 absconditus
1315 2781 1519 2835 fuerit
1575 2782 1755 2834 homo
1811 2781 1878 2833 in
1933 2780 2191 2832 abscon-

295 2861 481 2926 ditis,
543 2879 657 2931 ego
696 2880 847 2933 ergo
887 2881 1008 2918 non
1048 2867 1281 2921 uidebo
1331 2871 1505 2921 eum?
1562 2883 1766 2921 nonne
1824 2866 2073 2919 eaelum
2128 2866 2192 2917 et

292 2948 540 3002 terram
581 2967 693 3019 ego
732 2952 983 3019 inpleo‘?
1023 2955 1075 3006 et
1115 2955 1332 3007 iterum:
1383 2956 1447 3008 in
1486 2955 1654 3008 omni
1691 2954 1832 3006 1000
1872 2952 2046 3006 001111
2074 2950 2248 3004 Dei3o
2313 2977 2316 2983 ⁴

465 3092 492 3134 6
512 3093 677 3136 Matth.
696 3095 765 3147 15,
783 3095 809 3138 6
833 3095 903 3151 (cf.
928 3097 1061 3140 Marc.
1088 3098 1126 3150 7,
1150 3097 1223 3152 8.).
1324 3099 1379 3141 14
1402 3098 1463 3141 Io.
1484 3098 1552 3150 16,
1571 3097 1640 3140 23.
1741 3096 1796 3139 27
1819 3096 1943 3139 Η161·.
1960 3095 2029 3147 23,
2048 3094 2105 3138 23
2122 3106 2185 3149 sq.

290 3162 351 3206 30
371 3163 499 3207 Prou.
522 3166 589 3218 15,
607 3167 645 3210 3.

381 3281 405 3322 1
438 3280 690 3335 specialiter
718 3282 759 3326 G
890 3284 1109 3340 spiritalis
1132 3298 1225 3328 6336
1250 3286 1331 3338 W,
1373 3298 1466 3328 6336
1487 3285 1634 3341 magis
1657 3284 1877 3341 spiritalis
1899 3299 1925 3328 v
2067 3281 2094 3325 3
2116 3268 2186 3328 ‘scs

291 3338 375 3409 sps
397 3353 438 3397 G
555 3367 658 3397 uera
680 3356 749 3398 est
778 3355 838 3407 G,
872 3369 978 3398 ucra
999 3356 1146 3412 magis
1167 3371 1193 3401 v
1329 3357 1358 3400 4
1387 3370 1460 3400 ore
1483 3358 1572 3409 W,
1606 3370 1736 3413 opere
1766 3357 1807 3400 G
1922 3357 1950 3400 8
1981 3356 2186 3400 (10111111113

291 3426 558 3484 Krabinyer
645 3427 672 3470 9
703 3426 932 3471 dominum
954 3428 998 3471 V
1080 3428 1174 3471 eius
1197 3428 1291 3471 eius
1321 3428 1382 3472 G¹
1473 3428 1528 3471 10
1557 3428 1756 3472 oratione
1773 3443 1799 3473 v
1906 3428 2111 3484 agnoscit
2132 3440 2188 3472 επ

293 3501 507 3553 agnoscat
535 3498 577 3543 G
596 3513 650 3542 m.
670 3501 702 3543 2
850 3500 905 3544 16
936 3499 1262 3556 inpetrabimus
1283 3513 1369 3544 rec.
1395 3499 1668 3557 Krabinyer
1814 3500 1862 3543 in
1892 3499 2053 3544 christi
2073 3513 2099 3544 v

291 3568 350 3611 20
380 3568 511 3612 1110(111
539 3571 596 3612 W
678 3570 733 3614 21
765 3572 919 3614 contra
946 3571 1054 3616 Ws.
1074 3571 1100 3615 l.
1123 3586 1179 3615 m.
1197 3575 1240 3624 2,
1263 3584 1284 3614 e
1305 3573 1458 3615 contra
1482 3570 1523 3615 G
1610 3572 1666 3615 23
1698 3573 1864 3616 secreto
1884 3585 1911 3616 v
1999 3568 2182 3614 semotis

300 3639 361 3693 G,
393 3641 573 3685 secretis
601 3643 666 3687 W
750 3643 806 3686 26
837 3644 884 3686 111
906 3656 988 3687 om.
1018 3642 1059 3687 G
1146 3643 1201 3687 27
1234 3645 1303 3686 est
1325 3656 1405 3688 om.
1437 3644 1497 3688 W
