2332 3978
532 270 606 313 De
637 282 798 326 opere
830 270 887 312 et
917 269 1296 326 eleemosynis
1328 283 1363 313 c.
1395 270 1579 314 23-25.
1898 273 2002 326 393

120 402 295 456 menta
332 402 534 453 terrena
578 399 882 451 indumenta
923 398 1167 451 caelestia
1211 399 1482 466 recepturi.
1522 400 1702 453 demus
1737 400 1912 454 cibum
1948 402 2001 454 et

121 488 301 557 potum
326 486 642 539 saecularem
668 501 785 537 cum
812 484 1078 537 Abraham
1104 486 1156 537 et
1181 484 1326 537 Isaac
1350 486 1402 537 et
1428 485 1580 538 Iacob
1608 486 1674 539 ad
1700 487 2000 540 conuiuium

122 573 337 628 caeleste
363 571 584 625 uenturi.
613 587 675 624 ne
700 587 885 639 parum
912 573 1170 625 metamus
1194 572 1482 640 plurimum
1502 574 1828 627 seminemus,
1857 590 2003 629 secu-

119 659 265 712 ritati
291 674 349 712 ac
375 658 530 710 saluti
557 659 791 710 aeternae
819 657 943 711 dum
969 658 1175 725 tempus
1202 658 1281 710 est
1307 659 1634 712 consulamus
1673 659 1838 713 Paulo
1879 675 2001 729 apo-

85 766 105 796 s
121 745 251 799 stolo
276 745 580 797 admonente
620 744 671 797 et
709 743 936 797 dicente:
995 758 1147 812 ergo
1187 743 1330 796 dum
1367 744 1538 812 temp
1553 761 1622 797 us
1662 745 1995 811 habemuS‚

121 846 455 899 operemur
492 830 655 898 quod
692 831 921 883 bonum
959 831 1058 883 est
1096 829 1170 882 ad
1207 845 1444 894 omneS,
1483 830 1753 883 maxime
1791 834 2005 886 autem

120 918 195 971 ad
249 916 642 970 domesticos
698 914 883 968 fidei.
948 915 1176 968 bonum
1233 917 1451 968 autem
1508 915 1830 969 facientes
1886 934 2006 970 non

121 1002 532 1066 deficiamuS,
572 1003 864 1068 tempore
910 1001 1074 1054 enim
1113 1017 1224 1055 suo
1263 1002 1599 1055 metemus

191 1088 514 1158 CogitemuS,
543 1088 728 1140 fratres
756 1087 1112 1152 dilectissimi,
1140 1088 1264 1156 quid
1292 1089 1387 1141 sub
1415 1088 1662 1156 apostolis
1688 1090 1869 1142 fecerit
1896 1105 2003 1143 cre·
2025 1088 2037 1106 ‘

63 1190 104 1221 1⁰
119 1176 353 1228 dentium
378 1175 599 1243 populus
614 1215 626 1239 ,
667 1175 868 1241 quando
906 1175 1044 1227 inter
1080 1174 1192 1243 ipsa
1216 1174 1499 1243 primordia
1524 1175 1807 1229 maioribus
1833 1176 2006 1229 uirtu-

118 1263 259 1316 tibus
285 1278 429 1316 mens
467 1261 681 1331 uigebat
697 1301 709 1325 ,
750 1261 951 1328 quando
991 1261 1310 1314 credentium
1348 1261 1474 1314 fides
1511 1278 1643 1315 110110
1683 1262 1850 1315 adhuc
1885 1261 2006 1314 fidei

119 1349 284 1404 calore
309 1347 558 1402 feruebat.
585 1347 848 1402 domicilia
874 1349 999 1400 tunc
1027 1348 1079 1400 et
1104 1348 1315 1416 praedia
1335 1347 1703 1401 uenundabant
1724 1349 1776 1401 et
1796 1348 2003 1415 dispen-

120 1435 334 1490 sandam
358 1435 669 1502 pauperibus
693 1435 1041 1502 quantitatem
1066 1434 1288 1488 libenter
1314 1451 1372 1487 ac
1396 1434 1614 1503 largiter
1639 1435 1886 1502 apostolis
1912 1435 2005 1487 ob-

119 1521 376 1585 ferebant,
404 1522 604 1574 terreno
629 1520 941 1589 patrimonio
967 1519 1178 1573 uendito
1206 1521 1371 1587 adque
1398 1520 1646 1574 distracto
1673 1521 1856 1574 fundos
1877 1521 2006 1574 illuc

61 1624 102 1656 15
119 1607 488 1661 transferentes
533 1608 625 1660 ubi
669 1607 870 1661 fructus
917 1608 1155 1676 caperent
1197 1607 1533 1674 possessionis
1576 1609 1836 1672 aeternae,
1893 1607 2005 1660 11110

120 1696 472 1762 comparantes
518 1695 693 1747 domos
741 1694 831 1747 ubi
873 1694 1160 1762 inciperent
1203 1708 1404 1762 semper
1437 1693 1688 1747 habitare.
1731 1694 1854 1747 talis
1881 1695 2006 1748 tunc

119 1779 222 1833 fuit
266 1780 320 1833 in
364 1781 744 1848 operationibus
788 1780 1027 1834 cumulus
1079 1780 1248 1848 qualis
1291 1780 1347 1832 in
1395 1780 1670 1834 dilectione
1715 1795 2003 1847 consensuS,

119 1866 253 1918 sicut
292 1866 516 1935 legimus
561 1867 615 1919 in
659 1866 809 1920 Actis
854 1868 1232 1934 apostolorum:
1288 1868 1441 1920 turb
1457 1884 1486 1920 a
1524 1870 1742 1921 autem
1792 1884 2005 1922 eorum

0 2011 4 2025 s
119 1952 228 2018 qui
285 1953 696 2006 crediderant
748 1953 963 2006 anima
1021 1970 1089 2007 ac
1144 1957 1357 2007 mente
1413 1971 1539 2007 una
1578 1955 1856 2024 agebant
1893 1971 2009 2008 nec

59 2036 249 2095 20fuit
286 2040 458 2093 inter
494 2040 646 2092 illos
685 2040 1035 2093 discrimen
1072 2041 1281 2093 ullum
1317 2057 1427 2094 nec
1454 2041 1803 2109 quicquam
1830 2058 2010 2094 suum

118 2125 500 2179 iudicabant
539 2142 607 2178 ex
644 2126 826 2178 bonis
865 2141 1024 2193 quae
1063 2126 1155 2178 eis
1195 2126 1399 2191 erant,
1429 2126 1535 2179 sed
1574 2126 1837 2179 fuerunt
1864 2125 2008 2179 illis

120 2212 329 2266 omnia
368 2213 740 2266 communia.
781 2213 876 2265 hoc
903 2214 981 2265 est
1006 2213 1283 2265 natiuitate
1310 2213 1538 2280 spiritali
1564 2229 1683 2266 uere
1708 2212 1806 2265 Dei
1832 2212 2004 2264 filium

120 2297 260 2363 fieri,
300 2299 395 2351 hoc
421 2301 500 2352 est
526 2299 640 2368 lege
668 2299 875 2352 caelesti
902 2300 1221 2366 aequitatem
1246 2300 1343 2351 Dei
1370 2300 1533 2367 patris
1569 2299 1784 2352 imitari.
1845 2300 2007 2366 quod-

122 2399 339 2452 cumque
367 2385 504 2438 enim
531 2385 627 2439 Dei
673 2386 750 2438 est
794 2386 849 2438 in
892 2387 1068 2438 nostra
1112 2385 1446 2452 usurpatione
1474 2401 1744 2438 commune
1773 2386 1876 2449 est,
1916 2402 2008 2438 nec

63 2490 106 2523 25
123 2470 395 2538 quisquam
436 2487 465 2522 a
498 2471 760 2524 beneficiis
787 2472 895 2524 eius
924 2474 976 2524 et
1001 2472 1301 2524 muneribus
1328 2472 1530 2523 arcetur
1557 2471 1832 2537 quominus
1858 2486 2007 2524 omne

121 2556 407 2610 humanum
432 2573 592 2626 genus
618 2558 852 2610 bonitate
888 2573 945 2610 ac
982 2557 1230 2626 largitate
1258 2557 1437 2609 diuina
1463 2556 1750 2624 aequaliter
1774 2557 2007 2624 perfrua-

122 2644 223 2697 tur.
264 2644 338 2697 sic
363 2645 647 2713 aequaliter
672 2644 781 2697 dies
806 2645 1059 2709 luminat,
1100 2645 1178 2697 301
1203 2644 1399 2709 radiat,
1426 2644 1594 2697 imber
1619 2644 1783 2713 rigat,
1822 2645 2006 2697 uentus

122 2729 378 2798 adspirat,
416 2732 468 2785 et
493 2731 870 2784 dormientibus
899 2746 1108 2784 somnus
1136 2746 1267 2783 unus
1295 2732 1374 2784 est
1397 2772 1408 2794 ,
1450 2731 1502 2782 et
1537 2730 1807 2782 stellarum
1834 2731 2006 2797 splen-

123 2816 214 2868 dor
237 2832 296 2870 ac
319 2818 471 2870 lunae
498 2818 784 2871 communis
823 2819 916 2871 est.
957 2833 1056 2885 quo
1102 2818 1437 2884 aequalitatis
1481 2817 1711 2885 exemplo
1757 2816 1846 2883 qui
1890 2830 2007 2883 pos-

32 2896 35 2897 ’
66 2917 110 2951 3ο
123 2916 288 2956 sessor
324 2903 379 2955 in
404 2903 557 2955 terris
583 2903 782 2956 reditus
808 2919 866 2956 ac
891 2904 1090 2957 fructus
1119 2918 1236 2957 31103
1264 2921 1381 2957 011111
1409 2903 1734 2956 fraternitate
1760 2901 2003 2968 partitur,

294 3045 323 3087 5
354 3043 451 3088 Gal.
475 3046 515 3097 6,
539 3045 606 3089 10.
629 3046 669 3089 9.
761 3045 816 3088 18
846 3045 944 3089 Act.
967 3046 1010 3098 4,
1031 3046 1099 3090 32.

209 3158 238 3201 2
268 3160 314 3202 et
334 3159 462 3215 (ante
482 3159 622 3217 isaac)
643 3173 724 3203 om.
757 3160 861 3203 WG
948 3160 976 3204 5
997 3161 1201 3203 monente
1233 3159 1275 3203 G
1362 3160 1390 3203 8
1421 3158 1655 3214 metemus]
1678 3158 1785 3202 add.
1809 3157 1898 3200 F²z
1920 3169 2006 3200 non

126 3229 313 3286 fatigati
401 3231 457 3275 14
476 3233 609 3287 atque
630 3231 847 3275 distracto
869 3231 1030 3275 fundos
1049 3232 1149 3276 Ws.
1169 3232 1196 3276 l.
1219 3246 1275 3275 m.
1294 3234 1327 3275 2
1415 3232 1470 3275 15
1489 3231 1661 3274 fructus
1682 3230 1854 3273 fructus
1879 3228 1922 3272 G

125 3301 181 3344 21
211 3302 503 3346 uindicabant
530 3303 573 3347 V
657 3302 826 3346 fuerint
853 3302 914 3346 G¹
1010 3304 1067 3346 22
1099 3303 1214 3347 filios
1236 3318 1262 3347 v
1370 3302 1425 3345 23
1456 3301 1636 3344 imitare
1666 3301 1727 3344 G¹
1825 3300 1881 3343 25
1911 3299 2005 3342 01113

127 3374 189 3430 et]
213 3387 263 3417 ac
282 3373 325 3418 G
402 3374 457 3417 27
488 3374 682 3418 luminat
691 3374 863 3427 FWV,
886 3375 1130 3419 inluminat
1148 3375 1216 3419 Gv
1303 3374 1444 3430 rigat]
1466 3373 1631 3415 irrorat
1657 3372 1700 3414 V
1796 3372 1853 3414 28
1867 3371 2008 3425 prius

127 3446 175 3487 et
194 3458 275 3488 om.
302 3445 343 3489 G
422 3446 479 3490 29
510 3447 578 3490 est
599 3459 682 3490 om.
715 3446 758 3490 G
837 3447 940 3503 quo]
964 3460 1013 3490 eo
1042 3446 1082 3490 G
1182 3445 1429 3502 aequitatis
1452 3445 1540 3489 Wv
1629 3442 1686 3485 30
1716 3442 1763 3485 in
1784 3441 1917 3485 terris
1945 3441 2010 3486 W

125 3529 162 3559 8.
185 3517 211 3559 l.
230 3531 284 3560 m.
302 3519 354 3569 2,
387 3517 434 3559 in
454 3517 588 3562 terris
609 3520 676 3560 est
706 3518 770 3561 G²
