2332 3978
250 361 256 366 .
295 317 403 372 230
958 315 1204 361 Caecilii
1234 315 1506 373 Cypriani

297 436 573 514 apostolus
594 445 827 515 loquitur
863 444 918 499 in
956 445 1179 514 epistula
1213 461 1306 501 sua
1332 448 1532 503 dicens:
1591 448 1747 519 quid
1785 448 1956 502 enim
1993 447 2048 500 si
2085 461 2186 500 ex-

297 532 600 585 ciderunt
638 547 669 585 a
705 532 840 586 fide
879 531 1137 601 quidam
1174 532 1480 601 illorum,
1527 526 1844 605 numquid
1881 532 2186 588 infideli-

295 618 397 670 tas
446 618 713 672 illorum
762 618 968 673 fidem
1017 619 1135 674 Dei
1172 622 1560 676 euacuauit?
1616 621 1822 676 absit:
1881 620 1980 675 est
2016 619 2187 673 enim

295 704 464 757 Deus
502 702 717 770 Uerax,
771 706 971 759 omnis
1011 707 1228 760 autem
1266 707 1452 761 homo
1489 709 1776 762 mendax.
1839 707 1946 760 stat
1986 704 2185 760 confes-

295 805 467 843 sorum
493 806 611 859 pars
637 792 804 845 maior
830 792 882 845 et
906 792 1090 846 melior
1115 792 1169 845 in
1195 792 1315 845 fidei
1341 809 1461 847 suae
1486 794 1664 848 robore
1690 796 1742 848 et
1766 794 1821 848 in
1845 792 1977 863 legis
2016 807 2076 846 ac
2104 791 2184 845 di-
2223 806 2242 839 ⁵
2314 800 2317 823 ³

295 876 542 943 sciplinae
570 876 854 949 dominicae
880 878 1126 943 ueritate,
1166 894 1258 932 nec
1282 880 1345 932 ab
1374 880 1615 934 ecclesiae
1638 896 1764 949 pace
1790 880 2060 933 discedunt
2097 879 2186 947 qui

298 977 351 1015 se
377 962 432 1015 in
459 963 671 1017 ecclesia
698 963 923 1033 gratiam
951 966 1246 1018 consecutos
1274 966 1335 1018 de
1358 966 1459 1019 Dei
1486 966 1783 1035 dignatione
1821 965 2184 1030 meminerunt,

294 1048 459 1116 adque
502 1049 596 1102 hoc
639 1050 748 1117 ipso
794 1050 1098 1117 ampliorem
1137 1052 1473 1107 consecuntur
1497 1050 1628 1106 fidei
1645 1068 1764 1106 suae
1789 1053 2011 1117 laudem,
2051 1050 2187 1119 quod

296 1135 360 1188 ab
389 1149 564 1189 eorum
589 1127 804 1203 perfidia
830 1137 1089 1206 segregati
1130 1138 1218 1205 qui
1244 1138 1409 1191 iuncti
1436 1137 1766 1193 confessionis
1793 1138 2045 1192 consortio
2071 1136 2186 1191 fue-

296 1223 420 1274 runt
460 1238 490 1274 a
530 1222 767 1291 contagio
804 1222 1036 1275 criminis
1062 1226 1411 1278 recesserunt:
1452 1241 1572 1279 uero
1598 1225 1901 1279 inluminati
1929 1223 2185 1293 euangelii
2203 1249 2244 1282 ιο

295 1307 521 1372 lumine,
562 1323 691 1375 pura
729 1308 780 1361 et
818 1307 1038 1362 candida
1073 1309 1285 1363 Domini
1323 1311 1437 1364 luce
1474 1311 1664 1364 radiati
1702 1312 1813 1365 tam
1840 1312 1960 1364 sunt
1984 1311 2039 1364 in
2067 1324 2186 1364 con-

297 1394 548 1446 seruanda
575 1392 767 1447 Christi
792 1410 918 1463 pace
943 1394 1230 1450 laudabiles
1251 1413 1406 1464 quam
1427 1397 1637 1451 fuerunt
1656 1398 1711 1451 in
1731 1398 1924 1451 diaboli
1947 1412 2186 1467 congres-

297 1480 435 1546 sione
461 1480 698 1534 uictores.

209 1564 274 1617 23
367 1564 499 1633 Opto
546 1566 782 1634 equidem
799 1608 811 1632 ‚
870 1567 1196 1622 dilectissimi
1250 1569 1462 1636 fratres,
1533 1571 1585 1624 et
1628 1571 1835 1624 consulo
1889 1569 2083 1638 pariter
2134 1570 2187 1623 et

295 1653 497 1717 suadeo,
525 1654 585 1706 ut
607 1653 649 1706 si
671 1652 781 1706 fieri
806 1655 979 1721 potest
1003 1670 1151 1707 nemo
1179 1657 1242 1708 de
1269 1655 1516 1709 fratribus
1543 1656 1717 1724 pereat
1744 1657 1795 1709 et
1821 1656 2184 1709 consentientis
2201 1681 2240 1713 15

291 1739 470 1807 populi
514 1754 694 1807 corpus
739 1756 900 1792 unum
953 1742 1149 1809 gremio
1195 1757 1284 1795 suo
1338 1742 1567 1812 gaudens
1620 1743 1787 1795 mater
1839 1741 2085 1795 includat.
2139 1742 2185 1795 si

294 1825 470 1878 tamen
510 1826 760 1892 quosdam
799 1827 1142 1881 schismatum
1180 1829 1333 1881 duces
1378 1829 1430 1882 et
1479 1828 1810 1882 dissensionis
1852 1829 2091 1881 ‘auctores
2130 1827 2184 1881 in

294 1926 442 1964 caeca
466 1912 517 1963 et
542 1911 801 1964 obstinata
827 1912 1086 1967 dementia
1111 1915 1466 1981 permanentes
1492 1929 1592 1967 non
1628 1913 1855 1982 potuerit
1893 1913 1959 1966 ad
1996 1913 2183 1967 salutis

293 1997 436 2049 uiam
463 1998 736 2051 consilium
763 1999 968 2052 salubre
1005 2014 1269 2065 reuocare,
1311 2001 1466 2054 ceteri
1504 2001 1681 2053 tamen
1719 2001 1804 2053 uel
1843 1999 2182 2068 simplicitate

293 2082 431 2150 capti
476 2083 561 2136 1161
605 2099 774 2137 611016
818 2084 1019 2138 inducti
1063 2086 1149 2138 uel
1184 2087 1359 2154 aliqua
1386 2087 1615 2140 fallentis
1642 2086 1866 2139 astutiae
1893 2086 2181 2139 calliditate
2198 2110 2241 2144 20

294 2169 494 2236 decepti
520 2186 550 2223 a
575 2170 814 2224 fallaciae
839 2186 931 2224 uos
957 2172 1155 2240 laqueis
1183 2173 1396 2238 soluite,
1438 2174 1687 2242 uagantes
1716 2188 1921 2242 gressus
1949 2172 2013 2225 ab
2043 2186 2181 2224 erro-

293 2255 436 2308 ribus
463 2256 703 2322 liberate‚
743 2257 843 2310 iter
868 2258 1069 2311 rectum
1094 2259 1210 2312 uiae
1237 2259 1472 2313 caelestis
1500 2260 1811 2329 adgnoscite.
1854 2258 2187 2312 contestantis

294 2343 512 2410 apostoli
549 2358 648 2396 uox
684 2345 787 2397 est:
826 2346 1276 2414 praecipimus
1315 2347 1502 2400 uobis
1540 2346 1604 2399 in
1639 2345 1892 2399 nomine
1930 2344 2188 2398 Domini

293 2429 443 2482 Iesu
483 2428 732 2483 Christi
770 2432 842 2484 ut
880 2432 1204 2485 recedatis
1253 2432 1324 2486 ab
1364 2432 1661 2486 omnibus
1700 2431 2027 2485 fratribus
2065 2447 2188 2484 am-

292 2515 690 2569 bulantibus
742 2517 1121 2572 inordinate
1172 2519 1232 2572 et
1282 2533 1410 2572 non
1467 2518 1831 2573 secundum
1867 2517 2186 2571 traditio·
2204 2533 2245 2566 25

466 2688 490 2731 1
522 2689 643 2732 Rom.
670 2689 709 2742 3,
733 2689 760 2733 3
783 2703 846 2746 sq.
935 2690 992 2734 23
1022 2690 1072 2735 II
1095 2691 1246 2736 Thess.
1269 2692 1309 2745 3,
1334 2692 1371 2736 6.

379 2846 403 2888 1
436 2848 662 2902 apostolus
683 2848 841 2903 paulus
879 2850 941 2902 V,
975 2850 1093 2905 paul.
1128 2852 1270 2907 apost.
1293 2864 1320 2895 υ
1437 2850 1485 2894 111
1517 2850 1707 2906 epistola
1737 2863 1816 2893 sua
1845 2850 2043 2906 loquitur
2073 2864 2099 2895 v

292 2917 345 2973 si]
368 2917 431 2961 sic
452 2918 498 2962 R
628 2919 655 2962 2
685 2932 711 2962 a
732 2919 816 2963 fide
839 2921 903 2965 W
919 2934 952 2964 s.
978 2922 1003 2964 Z.
1027 2935 1082 2965 m.
1106 2923 1138 2964 2
1268 2922 1295 2964 3
1328 2921 1564 2965 euacuabit
1587 2921 1695 2966 WG
1811 2921 1930 2965 absit
1951 2935 2033 2965 om.
2060 2921 2101 2966 G

290 2989 318 3032 5
348 2990 489 3032 maior
510 2991 571 3046 et]
594 2991 763 3034 maiora
791 2991 832 3034 G
920 2992 967 3036 in
990 2993 1118 3048 (ante
1139 2993 1275 3049 legis)
1297 3006 1379 3036 om.
1406 2994 1509 3037 VM
1511 2998 1527 3020 ²
1622 2992 1905 3048 disciplinam
1934 2993 1975 3037 G
2061 2993 2088 3037 6
2110 3006 2185 3037 ue-

288 3061 447 3118 ritate]
469 3075 727 3105 **mem01·es
744 3063 805 3105 M
909 3064 933 3106 7
957 3064 1187 3107 ecclesiam
1216 3064 1320 3108 GM
1326 3068 1335 3091 ¹
1432 3064 1459 3107 8
1490 3063 1631 3120 adque
1652 3064 1891 3117 WGMR,
1923 3063 2052 3119 atqui
2072 3078 2099 3108 v

288 3133 501 3176 maiorem
524 3135 815 3177 consecuntur
836 3135 867 3177 f.
892 3147 924 3178 s.
948 3134 977 3178 1.
1004 3136 1141 3179 immo
1166 3136 1427 3191 ampliorem
1450 3136 1493 3180 V
1509 3140 1619 3180 teste
1635 3136 1843 3192 Riyaltio
1930 3136 1957 3179 9
1979 3136 2186 3191 segregat

294 3205 361 3249 W
443 3204 606 3260 quibus
634 3206 677 3249 V
760 3205 928 3249 iunctis
956 3206 997 3249 G
1095 3207 1152 3249 10
1182 3207 1448 3263 contagione
1470 3207 1517 3251 R
1623 3207 1672 3250 hi
1692 3220 1797 3250 uero
1818 3207 1888 3252 R²
2001 3206 2056 3249 11
2088 3208 2186 3249 tam

290 3277 349 3322 M
368 3278 420 3321 in
442 3291 531 3321 ras.
624 3279 728 3322 sunt
749 3279 809 3322 M
826 3291 859 3322 s.
884 3279 910 3321 l.
932 3292 990 3321 m.
1011 3281 1042 3322 2
1132 3279 1185 3322 12
1215 3280 1336 3336 pace]
1359 3279 1456 3323 luce
1484 3278 1525 3323 G
1626 3278 1806 3323 fuerant
1827 3279 1873 3324 R
1976 3278 2031 3322 14
2062 3276 2183 3334 opto]

288 3349 441 3392 hortor
464 3349 507 3394 V
621 3349 676 3393 15
708 3349 1005 3394 consentienti
1026 3350 1092 3394 ΕΙ
1234 3351 1288 3394 16
1321 3351 1466 3394 sinum
1488 3350 1594 3406 (pro
1615 3351 1771 3408 unum)
1793 3349 1962 3406 gremio
1985 3362 2063 3393 suo
2084 3350 2148 3394 M
2152 3353 2185 3402 ¹,

292 3420 395 3464 sinu
416 3421 579 3477 gremii
611 3421 680 3466 sui
700 3422 763 3465 M
765 3425 782 3449 2
876 3422 930 3466 19
952 3421 1137 3466 consilio
1160 3422 1330 3465 salubri
1350 3423 1414 3467 M
1416 3426 1433 3450 2
1526 3423 1727 3466 reuocari
1746 3422 1812 3467 R¹
1898 3421 1956 3464 2Ο
1975 3420 2184 3465 fallentia

290 3491 337 3536 R
465 3493 637 3537 astutia
658 3493 924 3537 calliditatis
953 3493 993 3537 G
1130 3493 1187 3538 23
1217 3493 1346 3537 uobis
1367 3493 1517 3550 inquit
1539 3493 1658 3538 RGv
1672 3527 1682 3546 ‚
1714 3493 1865 3550 inquit
1885 3491 2013 3535 uobis
2037 3492 2099 3536 M

291 3564 460 3609 domini
480 3566 623 3609 nostri
633 3566 738 3619 Mv,
761 3565 931 3609 domini
952 3565 1023 3610 dei
1044 3565 1089 3611 R
1176 3565 1233 3610 24
1256 3565 1476 3609 fratribus
1498 3578 1578 3610 om.
1607 3566 1670 3611 W
1776 3565 1832 3609 25
1862 3565 1908 3608 et
1928 3575 2010 3607 om.
2036 3564 2096 3608 M

290 3648 377 3679 non
401 3648 481 3680 om.
505 3636 550 3681 R
