2332 3978
496 270 574 315 Ad
603 269 974 313 Fortunatum
1004 270 1176 325 praef.
1211 282 1244 312 c.
1277 269 1402 314 2-5.
1856 272 1961 326 319

92 403 213 458 sica.
251 400 370 454 inde
418 413 564 452 aures
615 398 902 466 erigantur,
940 398 1059 451 inde
1108 398 1432 452 instruantur
1481 401 1705 466 mentes,
1743 399 1862 454 inde
1912 401 1965 453 et

95 487 252 543 animi
276 486 328 538 et
352 484 575 551 corporis
601 483 738 536 uires
764 484 830 536 ad
856 498 1059 537 omnem
1095 484 1345 551 passionis
1371 486 1700 539 tolerantiam
1725 487 1964 540 roboren-

93 575 192 627 tur.
230 586 320 625 nos
344 570 550 623 tantum
589 569 676 636 qui
712 569 932 622 Domino
958 569 1290 636 permittente
1315 570 1543 637 primum
1568 571 1830 638 baptisma
1857 587 1965 626 cre-

95 657 330 714 dentibus
366 655 600 709 dedimus
642 653 707 707 ad
751 654 894 707 aliud
936 670 1135 722 quoque
1180 655 1410 723 singulos
1452 671 1813 724 praeparemus
1839 657 1967 710 insi-

37 762 64 798 t
94 746 306 800 nuantes
344 743 396 795 et
433 741 667 794 docentes
693 741 787 794 hoc
813 756 919 793 esse
944 741 1202 808 baptisma
1227 742 1281 793 in
1307 741 1477 809 gratia
1500 743 1694 808 maiuS‚
1733 744 1787 796 in
1825 744 1968 811 pote-

97 831 228 885 state
267 827 566 891 sublimiuS‚
603 827 657 879 in
701 827 887 879 honore
911 827 1213 894 pretiosius,
1253 827 1513 894 baptisma
1554 829 1609 880 in
1653 844 1750 896 quo
1799 829 1971 898 angeli

96 914 383 983 baptizant,
423 913 682 980 baptisma
707 912 761 965 in
787 928 885 980 quo
910 913 1051 966 Deus
1078 913 1129 966 et
1156 911 1392 967 Christus
1428 914 1537 966 eius
1574 914 1831 979 exultant,
1875 915 1969 967 ba-

96 1001 286 1071 ptisma
309 999 425 1066 post
450 998 585 1065 quod
609 1013 757 1051 nemo
784 999 891 1051 iam
927 1000 1101 1066 peccat
1119 1011 1146 1064 ‚'
1171 999 1434 1068 baptisma
1461 1000 1596 1068 quod
1621 1000 1740 1054 fidei
1766 1002 1970 1054 nostrae

97 1086 408 1141 incrementa
436 1086 783 1150 consummat,
810 1085 1072 1154 baptisma
1098 1086 1231 1154 quod
1256 1101 1348 1140 nos
1375 1087 1437 1140 de
1465 1088 1655 1141 mundo
1681 1088 1972 1141 recedentes

43 1189 86 1230 ἰο
100 1172 276 1227 statim
313 1172 421 1224 Deo
460 1171 679 1238 copulat.
718 1171 773 1223 in
811 1187 972 1238 aquae
1009 1173 1267 1239 baptismo
1302 1173 1623 1241 accipiuntur
1646 1174 1974 1241 peccatorum

100 1258 336 1324 remissa,
376 1258 432 1310 in
475 1257 739 1325 sanguinis
786 1273 968 1311 corona
1011 1259 1282 1312 uirtutum.
1325 1260 1679 1327 amplectenda
1713 1277 1794 1313 res
1822 1262 1899 1313 est
1925 1261 1977 1312 et

102 1343 318 1414 optanda
343 1345 394 1396 et
421 1343 657 1395 omnibus
677 1343 1087 1410 postulationum
1106 1346 1398 1398 nostrarum
1420 1346 1660 1412 precibus
1681 1345 1974 1414 expetenda,

100 1430 160 1483 ut
183 1429 271 1497 qui
297 1429 433 1481 serui
458 1430 555 1481 Dei
581 1429 776 1482 fuimus
804 1430 966 1482 simus
996 1431 1047 1482 et
1072 1430 1241 1483 amici.

45 1574 48 1584 Ι
171 1515 232 1567 In
257 1515 582 1567 exhortandis
608 1515 781 1582 itaque
809 1531 867 1568 ac
892 1516 1128 1582 parandis
1155 1516 1403 1570 fratribus
1442 1518 1632 1570 nostris
1672 1520 1724 1570 et
1763 1518 1978 1571 uirtutis
1998 1524 2025 1574 5

46 1615 159 1661 'mac
182 1599 301 1653 fidei
326 1599 574 1653 firmitate
600 1601 665 1654 ad
690 1602 1018 1668 praeconium
1044 1603 1331 1655 dominicae
1361 1603 1689 1657 confessionis
1715 1604 1877 1671 adque
1915 1604 1979 1657 ad

50 1735 54 1739 .
101 1685 347 1755 proelium
367 1687 735 1754 persecutionis
761 1690 814 1740 et
838 1688 1089 1755 passionis
1110 1689 1370 1742 armandis
1396 1690 1563 1758 primo
1590 1690 1645 1742 in
1670 1690 1778 1743 loco
1807 1691 1979 1744 dicen-

103 1772 224 1826 dum
249 1773 354 1826 est:

270 1887 311 1940 I.
352 1887 501 1941 Idola
526 1890 645 1942 deos
671 1904 771 1941 non
797 1904 905 1943 esse
932 1906 1060 1957 quae
1086 1891 1237 1944 homo
1264 1891 1365 1944 sibi
1390 1891 1547 1944 faciat
1566 1923 1636 1929 —
1655 1908 1819 1960 neque
1846 1893 1983 1946 enim

32 2031 41 2037 ff
353 1989 480 2041 quae
523 1973 656 2027 fiunt
699 1974 889 2028 factore
925 1991 1015 2029 suo
1052 1977 1102 2029 et
1143 1978 1450 2030 fabricatore
1485 1978 1680 2031 maiora
1706 1980 1851 2044 sunt,
1893 1981 1984 2032 aut

22 2042 96 2143 Q
354 2060 621 2129 protegere
660 2061 711 2113 et
748 2077 950 2115 seruare
988 2078 1298 2130 quemquam
1346 2066 1559 2132 possunt
1606 2081 1736 2132 quae
1772 2066 1886 2133 ipsa
1923 2067 1985 2118 de

32 2128 69 2171 ’ὦ
357 2146 566 2213 templis
613 2147 718 2200 suis
763 2149 1006 2215 pereunt,
1045 2149 1146 2202 nisi
1188 2150 1251 2202 ab
1278 2150 1484 2203 homine
1512 2152 1777 2203 seruentur
1801 2182 1872 2189 -—
1898 2152 1985 2204 sed

357 2249 449 2286 nec
475 2233 729 2287 elementa
755 2235 964 2288 colenda
992 2251 1100 2289 esse
1124 2252 1255 2303 quae
1280 2237 1478 2289 homini
1503 2238 1785 2291 secundum
1812 2238 1986 2307 dispo-

360 2319 600 2372 sitionem
626 2321 677 2373 et
703 2324 1033 2389 praeceptum
1059 2322 1155 2375 Dei
1182 2324 1428 2375 seruiunt.

251 2404 320 2457 II.
359 2405 651 2458 Destructis
710 2407 863 2459 idolis
913 2409 963 2460 et
1014 2409 1383 2461 elementorum
1450 2410 1646 2462 ratione
1706 2411 1989 2463 monstrata

39 2473 102 2569 ’ξι
361 2492 732 2546 ostendendum
757 2494 926 2546 Deum
948 2495 1115 2547 solum
1142 2495 1410 2548 colendum
1437 2511 1559 2549 esse.

220 2575 315 2628 ΙΠ.
358 2577 501 2630 Tunc
527 2577 817 2631 addendum
844 2595 972 2646 quae
1011 2580 1342 2633 comminatio
1380 2582 1477 2634 Dei
1517 2582 1586 2634 sit
1624 2583 1868 2636 aduersus
1907 2598 1990 2636 eos

364 2663 452 2730 qui
478 2663 631 2717 idolis
658 2665 961 2719 sacrificant.

205 2847 230 2890 1
258 2846 540 2892 bistruantur
559 2852 729 2893 mente*
752 2851 798 2896 R
884 2854 913 2895 4
943 2853 1240 2910 insinuantes]
1263 2854 1535 2898 instruentes
1564 2856 1607 2900 V
1704 2858 1729 2900 7
1761 2844 1841 2901 diss
1864 2857 1909 2901 R

60 2915 61 2918 ’
121 2917 149 2962 8
175 2917 265 2962 iam
286 2933 412 2964 nemo
432 2922 495 2964 M
614 2923 669 2966 10
699 2925 854 2981 aquae]
878 2938 990 2981 quae
1012 2926 1058 2970 R
1167 2927 1387 2983 accipitur
1408 2928 1540 2973 MRv
1629 2932 1643 2953 ¹³
1658 2929 1712 2972 11
1745 2930 1994 2985 sanguinis]

121 2987 339 3046 baptismo
361 2992 468 3036 add.
491 2994 549 3036 M
555 2994 569 3016 ²
591 2999 633 3037 et
654 2995 883 3040 Baluzius
991 2999 1061 3040 est
1082 3011 1162 3042 om.
1189 2999 1342 3043 MRB
1448 3001 1504 3043 12
1535 3001 1799 3056 expectenda
1820 3002 1912 3045 RB

123 3058 369 3107 13'fuimus
399 3064 674 3120 WMRBV,
709 3082 859 3111 sumus
888 3083 915 3113 v
1032 3070 1088 3113 14
1118 3071 1330 3126 parandis
1358 3072 1651 3126 WM¹RBV‚
1683 3074 1998 3130 praeparandis

123 3130 226 3176 M²v
311 3134 512 3193 uirtutis]
535 3138 743 3183 ueritatis
756 3141 828 3192 M,
849 3141 928 3185 sed
948 3154 981 3185 s.
1005 3141 1034 3185 l.
1052 3155 1107 3185 m.
1131 3145 1186 3186 2:
1218 3143 1407 3188 unitatis
1500 3144 1555 3188 15
1577 3144 1838 3188 firmitatem
1859 3146 1922 3189 M

125 3201 181 3246 ad
199 3205 452 3259 preconium
472 3220 528 3251 ex
547 3211 752 3265 preconio
773 3212 835 3256 M
851 3226 906 3256 m.
930 3215 962 3256 2
1034 3212 1038 3222 ‘
1079 3213 1136 3257 ad
1170 3215 1389 3271 proelium
1426 3230 1482 3260 ex
1519 3217 1690 3272 proelio
1727 3217 1788 3260 M
1804 3231 1860 3261 m.
1882 3220 1912 3260 2

126 3272 181 3317 16
210 3276 448 3321 secutionis
469 3278 516 3324 R
649 3283 694 3325 et
714 3295 797 3326 om.
819 3284 883 3328 M
1021 3285 1245 3341 passionis
1267 3287 1328 3331 M
1344 3301 1378 3331 s.
1403 3288 1429 3332 l.
1452 3302 1508 3331 m.
1529 3291 1560 3333 2
1695 3288 1743 3331 in
1764 3302 1846 3332 om.
1869 3289 1915 3334 R

127 3343 182 3388 18
201 3343 312 3389 facit
332 3361 359 3392 v
447 3349 502 3393 19
523 3352 650 3409 quae]
674 3366 758 3409 que
779 3355 842 3398 M
856 3369 889 3399 s.
915 3356 942 3399 l.
965 3370 1020 3400 m.
1042 3360 1074 3400 2
1161 3357 1475 3402 fabricatorem
1496 3359 1542 3403 R
1627 3360 1684 3403 20
1704 3359 1767 3415 et]
1790 3362 1869 3403 aut
1889 3375 1916 3404 v

122 3413 184 3458 22
213 3417 322 3474 esse]
353 3431 446 3462 esse
475 3419 572 3465 uice
602 3422 782 3468 deorum
812 3426 858 3471 R
890 3432 933 3470 et
969 3427 1112 3471 Ooeon.
1260 3428 1317 3472 23
1347 3430 1420 3473 dei
1450 3432 1496 3474 et
1530 3433 1816 3488 praeceptum
1854 3431 1999 3476 deser-

127 3484 258 3530 uiunt
281 3488 326 3532 B
412 3489 470 3534 24
497 3492 713 3539 rationem
733 3496 780 3542 R
883 3497 940 3542 26
970 3499 1218 3543 addendum
1242 3513 1334 3544 esse
1359 3502 1418 3544 M
1514 3502 1569 3545 27
1602 3503 1851 3547 sacrificans
1873 3504 1919 3549 R
