2332 3978
366 311 474 365 436
1036 307 1279 353 Caecilii
1310 306 1580 364 Cypriani

366 455 419 492 re
445 437 638 507 singuli
665 437 790 505 quid
818 437 1103 492 sentiamus
1128 437 1450 506 proferamus
1476 436 1737 490 neminem
1772 436 2063 491 iudicantes
2102 440 2194 492 aut
2221 455 2254 493 a
2312 436 2314 438 ’

363 525 475 578 iure
511 523 993 578 communicationis
1037 523 1265 591 aliquem
1310 523 1354 576 si
1399 522 1666 575 diuersum
1693 523 1911 576 senserit
1936 526 2250 579 amonenteS.

362 626 525 678 neque
550 611 688 664 enim
714 611 989 679 quisquam
1013 611 1249 663 nostrum
1276 609 1572 678 episcopum
1599 624 1654 662 se
1680 609 2035 678 episcoporum
2061 611 2252 664 consti·

362 698 469 750 tuit
512 698 603 750 aut
642 698 908 766 tyrannico
957 698 1148 749 terrore
1194 696 1260 749 ad
1304 695 1617 763 obsequendi
1642 695 2003 749 necessitatem
2029 697 2252 766 collegas
2328 696 2332 723 ³

362 800 481 837 suos
508 784 701 853 adigit,
744 784 946 851 quando
973 783 1163 835 habeat
1201 782 1368 834 omnis
1407 781 1676 851 episcopus
1713 798 1805 850 pro
1841 781 2055 836 licentia
2090 782 2250 834 liber·
2289 796 2312 829 ⁵

360 870 486 922 tatis
525 870 577 922 et
612 869 887 937 potestatis
928 884 1050 921 suae
1090 867 1368 920 arbitrium
1405 868 1673 935 proprium
1699 869 1910 936 tamque
1937 868 2157 922 iudicari
2185 868 2249 921 ab

358 956 460 1008 alio
498 971 598 1009 non
635 956 824 1024 possit,
866 971 1022 1022 quam
1063 970 1154 1006 nec
1179 955 1289 1022 ipse
1314 954 1479 1021 possit
1505 954 1729 1006 alterum
1756 953 2003 1007 iudicare.
2045 954 2135 1007 sed
2162 970 2250 1007 ex-

354 1042 618 1108 pectemus
644 1042 873 1095 uniuersi
900 1041 1154 1093 iudicium
1180 1040 1392 1093 Domini
1426 1039 1591 1092 nostri
1626 1039 1745 1093 Iesu
1772 1037 1967 1092 Christi
1993 1040 2083 1107 qui
2109 1056 2246 1092 unus

356 1129 408 1179 et
445 1128 583 1180 solus
620 1127 778 1179 habet
815 1127 1125 1194 potestatem
1166 1127 1218 1178 et
1255 1126 1602 1193 praeponendi
1639 1142 1731 1179 nos
1770 1127 1825 1179 in
1856 1126 2097 1180 ecclesiae
2125 1141 2249 1180 suae

359 1213 731 1282 gubernatione
759 1214 810 1265 et
837 1214 899 1265 de
925 1214 1046 1266 actu
1072 1214 1249 1265 nostro
1276 1212 1558 1265 iudicandi.
2267 1228 2311 1259 10

949 2389 1204 2438 Caecilius
1232 2403 1264 2437 a
1288 2388 1468 2437 Biltha
1496 2388 1654 2437 dixit:

310 2496 330 2545 l
426 2490 533 2558 Ego
562 2505 723 2540 unum
768 2488 1091 2556 baptismum
1136 2487 1189 2538 in
1236 2487 1451 2539 ecclesia
1494 2487 1603 2539 sola
1648 2486 1751 2539 scio
1798 2488 1849 2538 et
1895 2486 2036 2538 extra
2086 2486 2249 2538 eccle-

353 2575 484 2626 siam
510 2574 732 2626 nullum.
773 2574 856 2626 hic
898 2574 995 2626 erit
1033 2590 1211 2638 unum,
1259 2573 1349 2625 ubi
1395 2589 1510 2641 spes
1548 2589 1671 2626 uera
1711 2573 1788 2625 est
1827 2573 1878 2625 et
1923 2572 2048 2624 fides
2094 2572 2246 2624 certa.

353 2661 428 2712 sic
473 2661 609 2713 enim
656 2659 908 2726 scriptum
949 2659 1051 2711 est:
1110 2675 1231 2711 una
1270 2659 1466 2723 fides,
1525 2675 1648 2712 una
1688 2674 1858 2725 speS‚
1919 2674 2108 2710 unum
2146 2658 2248 2709 ba-

352 2747 616 2813 ptisma,
658 2763 759 2799 non
787 2748 915 2814 aput
940 2746 1253 2811 haeretiCOS‚
1295 2746 1386 2798 ubi
1414 2761 1528 2814 spes
1554 2745 1701 2798 nulla
1726 2746 1804 2798 est
1843 2747 1894 2798 et
1933 2743 2059 2797 fides
2099 2743 2246 2807 falsa,
2264 2769 2304 2801 15

353 2833 443 2885 ubi
472 2832 643 2885 omnia
667 2849 757 2899 per
784 2832 1111 2885 mendacium
1151 2833 1427 2901 geruntur,
1467 2833 1558 2885 ubi
1599 2833 1849 2885 exorcizat
1888 2831 2247 2884 daemoniacus

529 3005 583 3046 14
615 3004 724 3059 Eph.
748 3005 789 3057 4,
811 3018 851 3046 ›.

442 3148 466 3189 1
499 3147 606 3203 quid
629 3147 799 3203 singuli
821 3147 865 3190 A
888 3147 961 3190 lib.
988 3147 1082 3190 III
1097 3148 1123 3189 I.
1149 3160 1181 3190 c.
1276 3148 1303 3190 2
1335 3147 1655 3191 communionis
1677 3148 1723 3190 A
1828 3146 1978 3202 alique
2001 3146 2037 3189 S
2142 3146 2169 3188 3
2201 3158 2245 3187 se

356 3219 591 3271 SLTVA,
626 3233 670 3262 se
692 3232 785 3262 esse
809 3233 833 3263 v
935 3218 963 3261 4
995 3232 1138 3261 errore
1164 3218 1200 3261 S
1301 3220 1512 3275 sequendi
1536 3219 1574 3263 S
1673 3220 1700 3261 5
1731 3218 1884 3274 adegit
1910 3219 1970 3261 Τι
2073 3218 2100 3260 6
2129 3218 2245 3259 tam-

354 3305 487 3347 quam
512 3291 555 3334 L
643 3291 666 3333 7
698 3290 874 3346 possint
901 3291 957 3334 Τι
1049 3291 1200 3346 quam]
1224 3304 1323 3334 cum
1343 3305 1398 3335 εκ
1420 3305 1553 3347 quam
1582 3293 1622 3335 T
1639 3306 1694 3335 m.
1712 3295 1743 3336 2
1843 3290 1938 3346 ipse
1959 3288 2121 3344 possit]
2148 3289 2245 3344 ipse

351 3365 501 3419 potest
523 3364 595 3406 Av
683 3363 876 3405 alterum
899 3375 981 3405 om.
999 3376 1046 3412 υ,
1071 3362 1138 3405 bis
1160 3363 1338 3406 exhibet
1360 3365 1402 3406 T
1484 3365 1510 3406 9
1541 3364 1637 3420 nos]
1661 3376 1740 3406 uos
1769 3363 1806 3406 S
1892 3375 1997 3405 suae
2018 3374 2099 3404 om.
2121 3361 2164 3403 V

354 3436 405 3477 11
428 3435 545 3478 bilta
566 3435 638 3478 Av
725 3434 843 3477 dixit
863 3447 944 3478 om.
972 3433 1051 3477 ST
1059 3435 1068 3457 ¹
1157 3434 1213 3477 12
1234 3434 1462 3490 baptisma
1482 3449 1509 3478 v
1598 3435 1693 3478 sola
1715 3449 1770 3478 ex
1792 3448 1872 3477 sua
1892 3434 1947 3485 S,
1971 3433 2114 3476 solum
2131 3447 2157 3476 v

354 3508 400 3548 et
420 3519 502 3549 om.
531 3507 572 3549 Τ
674 3508 800 3549 extra
821 3505 1068 3562 ecclesiam]
1094 3519 1144 3548 ex
1166 3505 1350 3548 ecclesia
1372 3507 1466 3549 sola
1492 3505 1530 3550 S
1536 3523 1552 3562 ;
1585 3508 1643 3562 cf.
1668 3509 1769 3558 457,
1794 3510 1853 3550 14.
1960 3504 2016 3548 13
2045 3503 2123 3547 ubi
2145 3516 2244 3559 spes

354 3578 476 3634 uera]
500 3577 698 3621 ibisuera
722 3578 759 3622 S
890 3578 945 3621 14
975 3578 1253 3633 baptismum
1276 3578 1366 3620 LT
1522 3580 1578 3623 16
1608 3578 1704 3636 ubi]
1738 3578 1803 3622 ibi
1827 3578 1865 3622 S
2009 3574 2242 3632 geruntur]

355 3651 550 3705 aguntur
568 3649 640 3692 Αυ
744 3650 986 3694 exorcidiat
1007 3649 1091 3694 SV
1198 3649 1503 3693 daemoniacos
1526 3650 1565 3694 S
