2332 3978
778 254 1045 310 Epistula
1073 254 1370 299 XV.—XVI.
1903 257 2009 314 517

604 467 1248 571 EPISTVLA
1305 467 1508 578 Xj-Vg.

265 639 597 686 CYPRIANVS
626 638 1024 684 PRESBYTERIS
1054 638 1128 682 ET
1157 638 1440 684 DIACONIS
1469 639 1801 685 FRATRIBVS
1831 641 1874 685 S.

204 813 309 866 Diu
357 812 662 881 patientiam
707 828 878 865 meam
924 812 1086 877 tenui,
1135 811 1322 865 fratres
1361 811 1634 876 carissimi,
1674 812 1822 879 quasi
1858 807 2050 865 uere-l

0 939 3 948 .
41 942 46 945 .
132 900 356 955 cundum
395 898 660 951 silentium
696 899 931 951 nostrum
955 897 1222 966 proficeret
1247 897 1312 950 ad
1338 897 1582 964 quietem.
1621 897 1710 951 sed
1735 912 1853 950 cum
1878 912 2005 964 quo-

0 951 2 1039 1
94 1003 116 1036 5
142 985 359 1039 rundam
407 984 725 1037 inmoderata
761 985 813 1036 et
849 983 1068 1051 abrupta
1114 983 1463 1051 praesumptio
1499 982 1792 1036 temeritate
1828 997 1920 1036 sua
1955 983 2008 1036 et

0 1056 1 1060 ἵ
129 1073 371 1125 honorem
407 1071 696 1139 martyrum
721 1070 773 1123 et
799 1068 1144 1123 confessorum
1179 1070 1427 1137 pudorem
1458 1071 1510 1122 et
1533 1069 1700 1136 plebis
1737 1068 2006 1122 uniuersae

128 1157 563 1224 tranquillitatem
599 1155 806 1208 turbare
844 1155 1065 1220 conetur,
1103 1156 1273 1208 tacere
1297 1155 1437 1208 ultra
1468 1170 1569 1207 non
1595 1156 1811 1222 oportet,
1851 1169 1914 1207 ne
1940 1155 2006 1211 ad

23 1230 47 1251 ’Ἰ
128 1242 414 1313 periculum
441 1243 492 1295 et
525 1241 689 1310 plebis
725 1241 920 1309 pariter
956 1241 1008 1293 et
1044 1242 1279 1294 nostrum
1315 1241 1645 1294 taciturnitas
1682 1240 1845 1294 nimia
1881 1255 2000 1308 pro-

129 1328 290 1382 cedat.
341 1327 476 1395 quod
522 1327 660 1380 enim
696 1341 797 1379 non
832 1326 1119 1394 periculum
1164 1327 1393 1380 metuere
1431 1327 1675 1380 debemus
1713 1326 1776 1379 de
1814 1326 2004 1380 offensa

29 1407 34 1480 ]
73 1431 116 1464 ιο
130 1414 356 1478 Domini,
396 1413 596 1480 quando
635 1412 797 1480 aliqui
823 1413 885 1465 de
909 1412 1221 1482 presbyteris
1258 1428 1349 1466 nec
1385 1413 1642 1482 euangelii
1678 1428 1770 1465 1166
1793 1412 1894 1466 1661
1921 1412 2003 1466 6111

53 1547 56 1550 ,
127 1514 392 1564 11161116166,
433 1498 522 1552 6611
545 1514 709 1566 neque
734 1498 969 1551 futurum
994 1499 1204 1551 Domini
1241 1499 1494 1552 iudicium
1530 1515 1695 1566 neque
1732 1513 1867 1554 nunc
1901 1498 2002 1551 sibi

126 1585 475 1653 praepositum
513 1585 805 1652 episcopum
844 1585 1146 1654 cogitantes,
1186 1586 1321 1652 quod
1357 1601 1640 1652 numquam
1674 1585 1879 1638 omnino
1906 1584 2001 1637 sub

20 1691 43 1717 ν
127 1671 529 1724 antecessoribus
567 1671 765 1724 factum
803 1672 894 1734 est,
935 1685 1054 1724 cum
1091 1670 1403 1724 contumelia
1439 1671 1495 1723 et
1520 1671 1818 1738 contemptu
1854 1685 2002 1738 prae-

23 1816 27 1829 )
126 1757 284 1825 positi
321 1757 492 1810 totum
530 1756 628 1810 sibi
665 1756 964 1823 uindicent?

16 1892 19 1898 .
69 1857 110 1890 1⁵
172 1842 370 1910 'Atque
418 1842 619 1896 utinam
664 1857 763 1895 non
812 1842 1069 1911 prostrata
1106 1842 1328 1895 fratrum
1365 1845 1658 1896 nostrorum
1696 1843 1862 1896 salute
1900 1841 2002 1896 sibi
2020 1843 2050 1895 2

14 1931 27 2011 2¹
127 1927 297 1981 omnia
333 1928 689 1982 uindicarent?
737 1928 1073 1982 contumelias
1112 1929 1434 1997 episcopatus
1472 1929 1637 1982 nostri
1676 1928 2003 1981 dissimulare

2 2011 43 2089 1
85 2050 99 2062 1
128 2015 179 2068 et
217 2014 347 2067 ferre
384 2029 601 2083 possem,
642 2015 777 2068 sicut
815 2014 1142 2067 dissimulaui
1179 2030 1378 2082 semper
1416 2016 1468 2068 et
1505 2015 1714 2082 pertuli.
1766 2014 1855 2067 sed
1894 2014 2001 2067 dis-

3 2081 34 2126 ³²
125 2100 403 2153 simulandi
449 2116 584 2153 1111116
629 2100 771 2153 166116
818 2115 918 2153 11611
965 2101 1058 2166 est,
1116 2101 1317 2168 quando
1367 2100 1654 2167 decipiatur
1700 2099 2001 2153 fraternitas

9 2170 30 2257 ἶῇ,
124 2186 299 2239 nostra
323 2203 353 2239 a
379 2186 687 2254 quibusdam
724 2187 981 2240 uestrum:
1023 2186 1111 2253 qui
1139 2185 1263 2238 dum
1289 2185 1398 2239 sine
1424 2186 1619 2239 ratione
1655 2186 2001 2240 restituendae

7 2468 25 2490 ‚¹
207 2428 351 2485 Epist.
372 2429 490 2473 XVI.
517 2455 568 2460 —
590 2429 756 2487 Incipit
786 2429 842 2473 ad
872 2429 1149 2487 presbyteros
1180 2431 1227 2473 et
1247 2429 1450 2492 diaconos
1475 2429 1534 2482 R,
1565 2429 1735 2486 Incipit
1755 2428 1812 2473 ad
1834 2429 2000 2472 clerum

121 2499 306 2558 (Incipit
341 2500 398 2544 ad
426 2490 553 2557 presb
589 2503 635 2545 et
669 2490 825 2546 diacon
859 2501 1051 2545 feliciter
1086 2500 1248 2557 incipit
1279 2500 1334 2544 ad
1366 2501 1531 2544 clerum
1559 2501 1613 2558 0)
1651 2499 1703 2544 de
1736 2499 2000 2556 quibusdam

0 2587 26 2623 >
120 2557 241 2628 p‘pb‘b
278 2572 355 2628 qui
389 2574 553 2616 temere
588 2586 739 2630 pacem
773 2572 913 2629 lapsis
947 2572 1163 2617 dederunt
1192 2572 1377 2615 necdum
1409 2571 1562 2616 sedata
1584 2585 1733 2629 persec
1754 2572 1848 2628 (per
1870 2585 1916 2615 se
1950 2571 1998 2625 G,

118 2678 222 2722 pars
258 2665 308 2718 Τ,
338 2638 487 2722 Ρθῖξὲἓ
523 2665 578 2722 Q)
618 2667 663 2708 et
702 2665 765 2722 (et
804 2679 884 2710 om.
915 2666 969 2719 G)
1002 2666 1116 2709 citra
1146 2652 1265 2710 661ιῖ
1281 2665 1538 2722 (6611611111111
1566 2665 1615 2718 G,
1645 2664 1914 2708 conscientia
1940 2663 1999 2723 Q)

21 2726 24 2731 ’
119 2737 422 2794 episcoporum
452 2737 821 2794 (coepiscoporum
850 2738 902 2793 Ο)
930 2737 1067 2795 GTQ.
1092 2763 1142 2771 -
1165 2738 1193 2782 2
1224 2737 1480 2782 diaconibus
1508 2737 1637 2783 G²Tv
1778 2736 1806 2780 3
1835 2735 1914 2779 diu
1944 2748 2002 2780 ex

121 2807 177 2852 da
204 2808 242 2853 Ο
345 2809 475 2865 quasi
494 2809 788 2853 ueracundum
817 2809 854 2854 Ο
872 2810 888 2852 1
908 2823 940 2854 s.
966 2810 993 2853 l.
1110 2809 1140 2854 4
1158 2809 1385 2866 perficeret
1413 2809 1450 2854 Ο
1564 2808 1654 2865 sed]
1677 2809 1726 2851 at
1747 2820 1802 2852 ex
1822 2806 1879 2851 ad
1906 2807 1944 2853 O

120 2879 149 2924 5
169 2879 360 2937 adrupta
386 2880 468 2938 TQ
610 2881 880 2937 temeritate]
911 2882 1064 2925 tamen
1084 2881 1245 2925 merita
1266 2881 1312 2926 R
1457 2893 1561 2924 suae
1587 2881 1630 2923 T
1768 2880 1795 2923 6
1826 2879 1999 2923 confes-

121 2962 264 2997 sorem
290 2951 328 2996 (J
340 2951 423 3008 TQ
574 2952 783 2997 uniuersa
803 2954 848 2997 et
874 2954 923 3006 T,
946 2952 1184 2997 uniuersae
1204 2954 1249 2996 et
1277 2953 1314 2998 G
1321 2955 1332 2976 ¹
1493 2952 1518 2995 7
1540 2951 1875 3007 tranquillitate
1897 2950 1943 2995 R

121 3025 330 3068 conentur
356 3022 440 3080 TQ
583 3025 783 3081 oportere
813 3037 868 3069 ecc
896 3026 1071 3081 oportet
1099 3023 1137 3081 Q
1158 3025 1349 3081 (oportet
1370 3025 1446 3081 M)
1590 3023 1619 3067 8
1648 3025 1694 3067 et
1714 3022 1874 3079 plebis]
1905 3022 1999 3078 ple-

118 3092 189 3137 bis
216 3094 255 3140 0
382 3094 581 3151 procedit
607 3095 676 3148 0¹,
699 3096 907 3152 precedat
932 3096 970 3153 Q
991 3095 1217 3153 (procedat
1238 3097 1315 3153 M)
1450 3096 1507 3139 10
1525 3095 1656 3139 deum
1682 3096 1723 3139 T
1853 3092 1998 3149 aliqui

119 3177 200 3210 om.
228 3167 271 3211 T
400 3166 453 3210 (16
474 3180 556 3211 om.
585 3167 624 3212 G
754 3168 1008 3224 presbiteris
1036 3168 1075 3214 0
1207 3168 1261 3211 11
1282 3180 1494 3211 memeres
1514 3167 1561 3212 R
1696 3165 1751 3208 12
1772 3164 1996 3221 episcopo-

117 3249 217 3281 rum
244 3233 282 3294 Q
302 3251 427 3282 orum
446 3238 500 3282 in
518 3251 607 3283 ras.
633 3224 750 3295 (ciffi
770 3240 846 3294 M)
991 3230 1108 3296 quod
1134 3239 1174 3285 Ο
1189 3253 1222 3284 6.
1245 3240 1273 3283 l.
1295 3253 1350 3283 m.
1373 3241 1407 3283 2
1550 3237 1605 3281 13
1630 3238 1697 3280 est
1718 3249 1798 3280 om.
1830 3234 1870 3280 0

119 3310 420 3366 contemptum
442 3311 485 3354 T
595 3310 651 3354 14
670 3310 867 3355 indicent
892 3312 976 3368 T¹‚·
997 3311 1228 3356 uindicent
1252 3342 1261 3352 .
1281 3343 1290 3353 .
1310 3344 1319 3354 .
1344 3309 1492 3354 omnia
1512 3321 1593 3353 om.
1622 3306 1703 3352 GR
1820 3305 1875 3349 15
1894 3317 1995 3361 pro-

122 3381 280 3438 strata]
302 3383 455 3426 contra
482 3381 626 3426 Ooeon.
743 3382 936 3426 salutem
960 3381 998 3440 Q
1034 3383 1194 3435 Oxou„
1228 3382 1424 3426 salutate
1452 3380 1494 3424 T
1606 3378 1660 3422 16
1682 3375 1996 3422 contumeliam

125 3449 234 3495 CRv
368 3452 421 3496 17
442 3465 620 3508 possum
647 3453 686 3499 0
710 3453 857 3499 Oxon.
992 3453 1070 3497 sed
1089 3466 1171 3498 om.
1201 3453 1240 3498 0
1367 3450 1644 3496 dissimulari
1664 3462 1720 3494 ex
1740 3447 1997 3492 dissimula·

118 3520 229 3567 cridi
255 3522 294 3569 0
444 3522 500 3567 18
519 3523 761 3581 decipietur
789 3524 827 3589 Q
847 3523 1114 3581 (decipiatur
1137 3524 1225 3581 M),
1248 3523 1466 3579 decipitur
1486 3535 1512 3568 v
1666 3522 1722 3566 19
1744 3533 1770 3565 a
1790 3533 1870 3565 om.
1902 3519 1941 3566 0
