2332 3978
33 215 125 315 f
764 222 1064 278 misturae
1091 225 1206 269 LII.
1239 240 1273 270 c.
1305 229 1432 272 2--4.
1918 234 2023 288 619

28 335 122 431 j}
154 351 446 407 tonuerunt.
493 349 700 417 spoliati
739 350 803 403 ab
841 351 933 404 1110
978 353 1182 420 pupilli,
1229 353 1496 410 fraudatae
1536 358 1738 423 uiduae,
1784 361 2026 426 pecuniae

159 452 358 506 quaeque
401 435 643 498 ecclesiae
686 435 966 505 denegatae
1003 437 1096 491 has
1122 438 1186 491 de
1209 439 1300 492 illo
1340 441 1552 510 exigunt
1591 458 1776 510 poenas
1819 460 1944 512 quas
1970 445 2024 499 in

26 566 28 571 .
51 514 94 598 js
162 523 269 577 eius
307 521 478 574 furore
518 520 874 587 conspicimus.
912 523 1059 589 pater
1094 523 1249 576 etiam
1278 524 1388 578 eius
1412 526 1466 578 in
1491 527 1604 580 uico
1630 528 1768 582 fame
1792 532 2029 584 mortuus

15 599 86 675 ιζ’
162 609 218 663 et
238 607 301 662 ab
330 621 386 660 eo
413 606 468 659 in
493 607 659 660 morte
693 609 1024 675 postmodum
1059 625 1150 662 nec
1185 611 1431 676 sepultus,
1475 612 1650 667 uterus
1685 615 1854 668 uxoris
1889 616 2029 670 calce

126 708 428 764 spercussus
478 692 530 745 et
572 692 836 746 abortione
884 696 1184 762 properante
1234 696 1288 749 in
1337 697 1671 764 parricidium
1719 700 1895 766 partus
1943 715 2029 753 ex-

159 794 377 850 pressus.
424 778 476 830 et
501 777 744 830 damnare
779 795 915 832 nunc
949 781 1105 833 audet
1141 781 1542 835 sacrificantium
1577 799 1775 853 manue,
1819 800 1932 838 cum
1961 786 2032 838 sit

158 866 267 934 ipse
301 864 561 918 nocentior
593 863 826 930 pedibus,
864 865 1049 932 quibus
1086 866 1225 920 filius
1266 867 1353 934 qui
1389 868 1693 921 nascebatur
1718 870 1911 923 occisus
1936 872 2028 924 est.

19 1008 25 1018 ἰ
230 950 379 1003 Hanc
404 950 767 1003 conscientiam
794 950 1072 1004 criminum
1098 952 1203 1006 iam
1230 938 1428 1020 pridem
1454 952 1686 1007 timebat.
1716 956 1920 1022 propter
1938 955 2032 1008 1100
2049 960 2079 1011 3

160 1052 213 1091 se
248 1051 349 1090 non
380 1037 452 1109 ‘de
489 1036 807 1104 presbyterio
846 1037 1058 1090 excitari
1098 1039 1321 1103 tantum,
1365 1038 1452 1092 sed
1490 1040 1542 1091 et
1578 1039 2033 1092 communicatione

16 1116 86 1197 5251?
103 1145 147 1180 10
160 1122 423 1192 prohiberi⁴
454 1137 549 1190 pro
583 1123 721 1175 certo
746 1122 972 1187 tenebat,
1011 1125 1064 1176 et
1089 1122 1430 1193 urguentibus
1455 1122 1709 1178 fratribus·
1731 1125 2036 1178 imminebat

14 1213 38 1283 ,ᾖ
162 1208 469 1278 cognitionis
489 1207 599 1286 dies
626 1223 724 1276 quo
752 1209 888 1276 apud
913 1211 1004 1262 nes
1032 1224 1183 1263 causa
1209 1211 1319 1262 eius
1345 1212 1600 1280 ageretur,
1627 1211 1729 1263 nisi
1752 1211 2034 1278 persecutio

165 1290 282 1349 aitte
318 1294 562 1362 uenisset,
607 1309 764 1362 quam
803 1295 904 1348 iste
941 1296 1062 1348 uoto
1101 1292 1324 1363 quodam
1361 1296 1652 1349 euadendae
1687 1297 1739 1349 et
1762 1296 2036 1349 lucrandae

11 1374 17 1413 ἵ
161 1376 504 1435 damnationis
544 1381 797 1448 excipiens
836 1383 960 1435 haec
999 1381 1172 1435 omnia
1210 1382 1472 1434 commisit
1507 1383 1558 1434 et
1592 1383 1816 1446 miscuit,
1854 1383 1913 1434 ut
1948 1382 2036 1450 qui

10 1456 74 1534 '55²2
165 1464 261 1522 0101
295 1461 596 1521 deecclesia
622 1469 673 1520 et
700 1468 902 1544 excludi
936 1468 1172 1532 habebat,
1210 1467 1461 1521 iudicium
1497 1469 1818 1522 sacerdotum
1853 1469 2036 1521 uolun-

111 1550 303 1608 1⁵taria
347 1552 654 1607 discessione
697 1555 1035 1621 praecederet,
1081 1555 1226 1622 quasi
1272 1554 1494 1607 euasisse
1534 1554 1603 1607 sit
1640 1569 1854 1622 poenam
1892 1569 2037 1621 prae-

32 1635 49 1653 ¹'
164 1639 366 1693 uenisse
392 1641 719 1706 sententiam.

237 1722 383 1779 Circa
417 1727 609 1779 ceteros
649 1727 824 1779 autem
866 1726 1051 1779 fratres
1092 1726 1427 1789 elaboramus,
1474 1740 1599 1793 quos
1635 1726 1698 1778 ab
1738 1740 1793 1778 eo
1820 1725 2037 1778 circum·
2057 1735 2105 1795 4Ὶ

167 1813 349 1864 uentos
396 1807 646 1876 dolemus,
699 1812 759 1864 ut
801 1806 1105 1865 ueteratoris
1150 1811 1491 1879 perniciosum
1533 1812 1673 1864 latus
1720 1810 1936 1879 fugiant,
1982 1811 2041 1863 ut

0 1957 14 1973 ἢ
50 1961 54 1969 .
165 1897 348 1950 letales
373 1898 583 1965 laqueos
610 1898 943 1951 sollicitantis
969 1898 1203 1961 euadant,
1231 1899 1292 1950 ut
1312 1898 1373 1950 de
1401 1914 1499 1964 qua
1524 1897 1613 1949 ille
1637 1897 1760 1964 pelli
1788 1897 2040 1950 diuinitus

2 1979 59 2032 fs
113 2007 157 2040 πο
172 1983 365 2038 meruit
401 1983 667 2036 ecclesiam
704 1985 965 2051 repetant:
1002 1999 1127 2050 quos
1164 1984 1372 2050 quidem
1399 1982 1618 2035 Domino
1655 1982 1930 2035 adiuuante
1955 1998 2044 2048 per
2119 1964 2131 1980 ⁸

59 2063 65 2072 ’
171 2070 281 2122 eius
298 2069 724 2122 misericordiam
759 2070 962 2139 regredi
989 2084 1137 2138 posse
1163 2068 1479 2121 confidimus.
1525 2083 1685 2134 neque
1712 2068 1849 2120 enim
1873 2069 2043 2133 potest

59 2142 93 2218 ἶ)
166 2156 332 2224 perire
366 2156 467 2209 nisi
503 2139 665 2223 quem'
684 2157 886 2209 constat
911 2171 1018 2207 esse
1043 2155 1348 2223 periturum,
1387 2170 1501 2205 cum
1530 2153 1780 2206 Dominus
1807 2153 1860 2205 in
1886 2168 2042 2205 euan-

4 2299 6 2302 ,
167 2240 303 2311 gelio
344 2242 638 2312 suo-dicat:
691 2241 893 2295 omnis
942 2241 1271 2309 plantatio
1323 2256 1502 2307 quam
1553 2254 1670 2292 non
1708 2238 2045 2305 plantauit

0 2323 352 2395 ›impar-,er
399 2344 575 2381 meus
628 2328 938 2381 caelestis
989 2327 1450 2380 eradicabitur.
1511 2326 1597 2392 qui
1635 2325 1896 2391 plantatus
1943 2339 2042 2375 non

338 2529 394 2573 23
423 2528 587 2572 Matth.
624 2529 688 2582 15,
724 2529 790 2572 13.

255 2708 280 2751 1
301 2709 489 2763 pecunia
507 2709 553 2754 R
688 2709 716 2752 2
737 2707 1100 2765 quoquaeclesiae
1120 2707 1170 2751 F
1295 2705 1535 2760 denegator
1554 2704 1604 2747 F
1714 2703 1814 2758 has]
1835 2702 1882 2745 hi
1905 2702 1949 2744 P
1966 2701 2047 2746 sed

168 2777 200 2821 h
219 2791 253 2822 s.
276 2779 302 2822 l.
420 2779 449 2822 3
468 2780 566 2823 uico
587 2779 722 2836 fame}
743 2780 938 2823 uicoram
959 2779 1009 2822 F
1128 2778 1158 2822 4
1179 2778 1239 2834 et]
1262 2779 1330 2820 est
1350 2779 1395 2819 et
1416 2790 1472 2820 ex
1492 2778 1561 2819 est
1581 2775 1626 2819 R
1740 2776 1926 2817 mortem
1950 2773 1988 2830 Q

168 2851 344 2908 uterus}
370 2863 502 2894 uerus
521 2851 571 2895 F
741 2865 871 2895 uxore
891 2850 942 2894 F
1078 2885 1080 2889 ⁴
1109 2851 1138 2893 5
1158 2861 1391 2905 percussus
1423 2860 1478 2890 eoe
1505 2846 1709 2903 perfusus
1737 2844 1774 2902 Q
1795 2858 1851 2888 m.
1870 2848 1901 2889 2
1929 2845 2045 2899 (per-

169 2920 296 2966 fusus
320 2922 394 2979 Μ)
508 2925 743 2979 properate
761 2923 806 2968 R
922 2923 949 2967 6
971 2921 1134 2965 audeat
1149 2922 1207 2974 L,
1231 2920 1365 2964 audet
1386 2921 1431 2962 et
1446 2919 1495 2963 F
1607 2917 1630 2960 7
1654 2916 1926 2962 innocentior
1953 2915 1989 2971 Q

172 2992 334 3049 quibus
355 3007 437 3038 om.
451 2993 510 3058 *F
664 2996 742 3051 qui
762 3008 846 3039 om.
869 2994 960 3038 LP
1118 2993 1146 3036 9
1167 2992 1230 3048 et]
1253 2994 1299 3035 et
1318 2991 1371 3034 de
1392 2991 1438 3034 P
1581 2987 1966 3031 communicationi
1986 2986 2046 3037 F,

172 3065 613 3110 communicationem
648 3065 698 3123 Q,
741 3065 1088 3110 communionem
1121 3064 1165 3108 L
1338 3063 1395 3106 10
1426 3062 1627 3116 tenebat]
1666 3058 1859 3103 timebat
1889 3059 1934 3101 P

174 3135 229 3180 11
250 3136 488 3181 conitionis
510 3138 555 3183 R
710 3138 783 3186 *13
812 3139 865 3181 ut
895 3150 976 3181 om.
1001 3137 1058 3188 P,
1088 3137 1134 3179 et
1153 3136 1203 3180 F
1370 3134 1426 3177 14
1444 3132 1653 3187 habebat]
1683 3131 1870 3175 debebat
1891 3130 1936 3173 P

173 3207 339 3253 iudicio
358 3208 404 3255 R
575 3209 831 3266 uoluptaria
850 3208 900 3252 F
958 3239 960 3242 -
1070 3207 1125 3251 15
1143 3205 1427 3263 praecederat
1447 3204 1508 3256 F,
1529 3202 1748 3246 recederet
1769 3201 1814 3245 R
1985 3199 2048 3242 sit

175 3277 238 3321 sit
258 3278 321 3322 12¹
474 3279 529 3322 16
550 3279 775 3323 sententia
796 3279 841 3323 L
986 3278 1038 3322 17
1061 3278 1116 3321 ab
1138 3278 1203 3333 eo]
1227 3276 1367 3319 habeo
1387 3274 1473 3331 LQ
1616 3273 1939 3316 circumuentus
1959 3270 2050 3322 13¹,

122 3356 132 3376 ⁸
175 3348 475 3394 circumuento
495 3351 558 3394 M
573 3350 916 3407 (circumuentos
944 3349 998 3407 Q)
1154 3349 1209 3392 18
1229 3348 1496 3391 nete-ratores
1519 3343 1605 3401 LQ
1747 3341 1816 3397 ut]
1837 3343 1882 3385 et
1902 3341 1993 3385 LP

27 3421 45 3455 ³
176 3419 232 3464 19
253 3420 392 3476 laq.os
408 3422 458 3466 F
568 3421 871 3477 sollicitantis]
893 3420 1066 3464 scilicet
1085 3418 1228 3462 tantis
1243 3417 1293 3462 F
1403 3414 1627 3459 euandant
1642 3413 1691 3457 F
1800 3412 1867 3468 ut]
1889 3413 1934 3454 et
1948 3411 2002 3455 F

175 3491 235 3536 20
254 3494 300 3535 et
320 3493 551 3536 ecclesiam
574 3493 618 3537 L
733 3493 787 3536 21
811 3492 904 3536 eius
927 3505 1009 3555 om.
1033 3491 1076 3534 L
1192 3489 1248 3532 22
1269 3488 1412 3532 costat
1433 3486 1478 3532 R
