2332 3978
648 244 944 301 Epistulae
972 244 1252 290 LXVIIJI.
1280 260 1328 309 .⁰·
1361 248 1541 292 15—17.
1922 251 2024 308 765

42 367 66 402 ”
162 377 216 429 et
240 372 452 443 spiritus
476 388 712 440 nequam,
739 372 829 440 qui
855 373 1039 441 scorpii
1065 375 1118 426 et
1142 378 1400 443 serpentes
1426 377 1750 445 appellantur
1777 380 1830 431 et
1848 380 2024 432 tamen

158 476 248 528 per
290 473 381 512 nos
417 457 538 511 data
572 475 602 512 a
626 458 846 511 Domino
880 458 1134 525 potestate
1170 459 1447 533 calcantur,
1485 478 1780 530 permanere
1805 463 1945 517 ultra
1967 464 2024 517 in

158 545 381 600 hominis
408 559 630 612 corpore,
658 544 713 597 in
740 558 838 611 quo
864 543 1127 612 baptizato
1154 544 1206 596 et
1229 544 1547 600 sanctificato
1588 547 1772 615 incipit
1808 548 2023 616 spiritus

159 632 362 685 sanctus
387 629 642 683 habitare.
926 631 930 634 ’

124 737 144 769 5
229 716 341 769 Hoc
366 715 585 782 denique
611 717 663 768 et
689 715 840 768 rebus
867 714 996 782 ipsis
1023 713 1330 781 experimur,
1357 716 1418 768 ut
1440 710 1745 769 necessitate
1770 719 2022 787 urguente
2044 719 2109 772 16

159 801 212 854 in
237 801 562 870 aegritudine
598 800 852 869 baptizati
888 801 940 853 et
974 800 1200 868 gratiam
1236 801 1494 859 consecuti
1531 803 1739 855 careant
1771 803 2022 856 inmundo

157 886 347 956 spiritu
392 900 490 954 quo
533 888 684 940 antea
726 887 1068 939 mouebantur
1110 887 1162 940 et
1204 887 1493 940 laudabiles
1535 903 1594 940 ac
1637 887 1929 956 probabiles
1969 889 2025 942 in

157 972 370 1027 ecclesia
395 973 577 1025 uiuant
600 972 818 1040 plusque
842 987 934 1039 per
958 972 1066 1024 dies
1093 972 1327 1042 singulos
1352 972 1408 1025 in
1427 975 1765 1042 augmentum
1789 974 2025 1028 caelestis

159 1059 356 1130 gratiae
397 1074 486 1127 per
519 1057 639 1112 fidei
675 1059 989 1112 incrementa
1013 1058 1298 1126 proficiant,
1334 1059 1393 1111 ut
1418 1059 1593 1112 contra
1619 1074 1769 1127 saepe
1793 1059 2026 1112 nonnulli

0 1151 45 1214 5²³.
98 1147 219 1200 lodo
243 1145 351 1199 illis
390 1145 479 1214 qui
516 1145 626 1199 sani
661 1144 1002 1213 baptizantur,
1045 1145 1090 1198 si
1123 1145 1453 1214 postmodum
1494 1161 1704 1212 peccare
1749 1145 2025 1212 coeperint,

8 1234 23 1244 ”
156 1231 343 1300 spiritu
369 1231 615 1285 inmundo
640 1231 886 1284 redeunte
913 1231 1243 1299 quatiuntur:
1282 1232 1342 1285 ut
1378 1230 1715 1285 manifestum
1750 1232 1821 1285 sit
1849 1230 2027 1285 diabo-

12 1364 41 1386 3,
154 1317 267 1370 lum
291 1317 346 1370 in
370 1317 629 1385 baptismo
654 1316 754 1370 fide
781 1317 1037 1370 credentis
1065 1317 1283 1382 excludi,
1312 1317 1357 1370 si
1381 1316 1508 1369 fides
1532 1317 1864 1384 postmodum
1885 1315 2026 1370 defe-

2 1403 41 1472 ,⁴
67 1429 69 1431 ·
157 1402 285 1456 cerit
307 1402 524 1472 regredi.
551 1402 654 1455 nisi
680 1403 724 1456 si
750 1402 949 1455 iustum
976 1403 1286 1471 quibusdam
1311 1402 1520 1456 uidetur
1545 1405 1604 1456 ut
1629 1403 1712 1456 illi
1750 1403 1840 1471 qui
1878 1403 2023 1456 extra

29 1482 34 1495 ’
155 1488 422 1542 ecclesiam
448 1489 583 1556 apud
608 1488 926 1542 aduersarios
952 1490 1004 1542 et
1031 1488 1360 1561 antichristos
1385 1488 1599 1557 profana
1624 1505 1756 1557 aqua
1779 1489 2024 1558 polluun-

100 1596 140 1628 15
156 1576 244 1629 tur
286 1575 538 1644 baptizati
581 1575 889 1642 iudicentur,
938 1575 995 1628 hi
1040 1590 1160 1628 uero
1206 1576 1295 1644 qui
1340 1575 1396 1628 in
1445 1575 1658 1629 ecclesia
1693 1574 2024 1643 baptizantur

157 1662 328 1715 minus
367 1662 721 1730 indulgentiae
749 1663 801 1714 et
828 1661 1026 1731 gratiae
1053 1661 1257 1714 diuinae
1296 1661 1554 1714 consecuti
1591 1676 1698 1714 esse
1732 1660 2024 1725 uideantur,

154 1749 206 1800 et
230 1748 408 1801 tantus
443 1747 605 1801 honor
628 1747 880 1800 habeatur
906 1747 1179 1800 haereticis
1205 1747 1265 1799 ut
1290 1746 1410 1800 inde
1435 1747 1700 1799 uenientes
1726 1761 1825 1799 non
1861 1747 2026 1799 inter-

154 1834 399 1902 rogentur
423 1834 662 1886 utrumne
686 1833 781 1886 loti
807 1834 911 1886 sint
936 1850 1001 1886 an
1025 1833 1234 1900 perfusi,
1262 1834 1503 1886 utrumne
1531 1833 1704 1886 clinici
1730 1849 1795 1885 an
1820 1831 2024 1899 peripa-

11 1989 15 1995 .
156 1919 328 1973 tetici:
374 1920 509 1988 apud
543 1934 633 1972 nos
669 1920 842 1972 autem
877 1920 939 1972 de
982 1920 1184 1988 integra
1225 1918 1345 1972 fidei
1389 1919 1609 1972 ueritate
1652 1918 1942 1972 detrahitur
1978 1917 2030 1970 et

101 2025 144 2058 πο
157 2006 413 2073 baptismo
441 2006 782 2059 ecclesiastico
808 2006 1049 2059 maiestas
1076 2021 1167 2058 sua
1191 2006 1243 2057 et
1267 2005 1514 2058 sanctitas
1541 2006 1830 2074 derogatur.

19 2082 22 2086 ¹
227 2091 498 2159 Rescripsi,
525 2091 602 2143 fili
627 2091 903 2156 carissime,
932 2092 997 2144 ad
1022 2091 1225 2144 litteras
1251 2092 1367 2144 tuas
1398 2092 1650 2158 quantum
1670 2107 1831 2159 parua
1851 2090 2028 2142 nostra
2051 2086 2112 2139 17

159 2177 486 2229 mediocritas
511 2177 679 2230 ualuit
704 2178 755 2229 et
780 2177 980 2230 ostendi
1006 2176 1131 2244 quid
1155 2193 1246 2230 nos
1274 2178 1526 2244 quantum
1552 2178 1606 2229 in
1632 2177 1780 2229 nobis
1808 2177 1884 2228 est
1911 2191 2027 2228 sen-

160 2261 370 2327 tiamuS,
416 2262 612 2315 nemini
654 2263 1056 2330 praescribentes
1094 2277 1192 2329 quo
1236 2263 1407 2315 minus
1455 2263 1655 2315 statuat
1700 2263 1834 2329 quod
1877 2262 2029 2328 putat

13 48 18 54 .
63 25 82 61 3:-

16 70 35 80 ·
70 67 74 91 ε

34 115 36 118 y
52 94 71 111 7

16 119 33 162 ἶ
68 123 81 165 ἶ

36 248 39 251 l
51 231 66 238 '⁹

20 312 67 343 „fisi

16 367 18 370 '
35 367 57 379 A

7 418 57 461 ,ἦγ’

16 462 38 474 Ι
53 468 59 481 5

13 476 52 515 232<

20 582 55 608 >¹³7³

16 598 50 650 at

15 655 50 708 ᾗ

14 706 49 751 ἴ·-

8 801 43 873 :31

18 860 41 898 3

8 901 50 950 ³2³:

19 974 23 981 ¹
34 975 39 985 a

20 1010 46 1044 ’.-

24 1207 27 1217 ,

9 2403 11 2407 ,
161 2349 510 2417 unusquisque
544 2349 864 2416 praepositus
904 2351 1049 2402 actus
1077 2349 1157 2402 sui
1182 2349 1435 2402 rationem
1461 2349 1682 2402 Domino
1718 2347 2028 2410 reddituruS,

15 2423 17 2448 ³
107 2454 147 2488 25
165 2435 445 2488 secundum
481 2435 617 2502 quod
641 2434 819 2487 beatus
846 2435 1104 2502 apostolus
1130 2435 1324 2487 Paulus
1360 2435 1414 2487 in
1451 2434 1676 2501 epistula
1712 2450 1803 2486 sua
1837 2434 1901 2486 ad
1926 2433 2029 2485 Ro-

246 2692 335 2762 fet
354 2719 405 2775 t.]
429 2718 485 2762 ad
504 2719 537 2763 t.
557 2717 702 2775 MQ1,
725 2721 774 2762 at
794 2720 828 2761 t.
846 2717 957 2775 EQ²
1071 2718 1099 2762 2
1114 2719 1382 2774 potestatem
1406 2717 1443 2774 Q
1558 2730 1637 2761 nec
1657 2729 1912 2773 permanere
1930 2716 1975 2759 P

0 2842 4 2860 ι
161 2790 298 2846 ultra]
319 2803 407 2834 non
426 2791 613 2848 possunt
634 2790 740 2834 add.
773 2791 833 2835 Cv
1047 2790 1075 2833 3
1095 2790 1293 2834 homine:
1318 2789 1358 2833 si
1386 2790 1424 2835 Ο
1638 2790 1830 2846 corpore]
1853 2800 2032 2844 corpore

159 2864 346 2919 possunt
366 2863 412 2906 P
640 2862 689 2906 in
710 2875 795 2918 quo
816 2863 870 2906 in
890 2862 1044 2917 iniquo
1066 2874 1179 2906 corr.
1210 2862 1248 2907 0
1475 2863 1521 2904 et
1542 2874 1623 2905 om.
1653 2862 1691 2906 Ο
1922 2861 1950 2904 5
1971 2861 2032 2917 et]

8 2943 17 2994 J
162 2933 211 2977 in
238 2933 276 2979 G
531 2934 556 2978 7
580 2947 630 2977 ac
650 2933 900 2991 probabiles
921 2946 1003 2977 om.
1027 2933 1073 2976 Β
1335 2934 1363 2977 8
1382 2933 1543 2976 uiuant
1564 2947 1619 2977 επ
1639 2933 1854 2976 uidebant
1874 2933 1937 2976 Μ
1940 2932 1978 2988 Q

161 3006 189 3050 9
207 3006 260 3048 ut
279 3003 428 3061 Ερν,
448 3005 523 3049 uel
549 3005 596 3058 0,
618 3007 663 3049 et
684 3006 802 3049 BPv
984 3004 1041 3048 io
1061 3004 1158 3048 sani
1178 3017 1260 3049 om.
1289 3004 1340 3058 V,
1364 2991 1464 3048 sffig
1483 3005 1529 3048 B
1700 3004 1754 3047 11
1777 3005 1883 3047 runt
1903 3003 2034 3060 spiri-

0 3081 5 3150 ἑ
161 3078 258 3120 tum
279 3076 325 3122 R
344 3077 513 3133 incipit
742 3076 1007 3133 quatiantur
1028 3076 1086 3130 R,
1108 3076 1345 3133 patiuntur
1366 3077 1411 3120 Β
1648 3076 1703 3120 13
1725 3077 1763 3118 si
1783 3088 1864 3119 om.
1897 3075 1979 3119 GR

0 3155 5 3198 ζ
162 3148 219 3192 14
238 3147 428 3204 profana
447 3160 529 3192 om.
559 3148 598 3193 0
784 3148 1046 3204 polluuntur
1067 3161 1184 3204 aqua
1203 3147 1426 3204 baptizari
1451 3147 1489 3192 Ο
1678 3147 1730 3190 17
1752 3146 2033 3202 interrogan-

1 3260 13 3276 ,
162 3221 237 3264 tur
256 3219 299 3263 Β
538 3219 594 3263 18
614 3219 764 3264 clinici
786 3219 879 3263 sint
907 3219 1062 3264 C'PRv
1300 3219 1583 3275 peripaterici
1610 3219 1658 3271 Ο,
1677 3216 1911 3274 peripatici
1931 3216 1978 3259 B

164 3291 219 3335 19
238 3291 443 3348 integrae
462 3289 554 3348 EQ
754 3290 1020 3335 detrahatur
1039 3304 1067 3335 v
1267 3291 1324 3334 20
1345 3303 1446 3334 suas
1468 3290 1526 3342 Β,
1549 3290 1643 3333 eius
1665 3289 1711 3334 R
1910 3287 2033 3332 dero-

162 3364 293 3420 getur
312 3376 339 3407 v
551 3362 606 3406 21
628 3362 683 3406 ad
701 3363 880 3407 litteras
900 3365 1003 3406 tuas
1023 3376 1104 3408 om.
1127 3363 1171 3407 Β
1387 3363 1540 3405 nostra
1561 3375 1640 3406 om.
1673 3360 1726 3413 V,
1748 3360 1803 3404 ad
1826 3346 1935 3403 nr‘a‘
1930 3360 1981 3403 E

162 3434 219 3479 23
237 3435 528 3480 rescribentes
549 3447 606 3480 ex
624 3435 948 3491 perscribentes
978 3435 1016 3480 Ο
1213 3435 1270 3478 24
1289 3435 1413 3478 actus
1436 3446 1518 3477 om.
1542 3433 1588 3478 R
1759 3421 1769 3431 ”
1786 3417 2033 3476 dffisratio-

162 3519 262 3550 nem
283 3506 376 3564 EQ
