2332 3978
682 237 946 294 Epistula
975 236 1274 282 LVIII.—L
1291 238 1469 282 VIIII.
1903 242 2006 296 667

135 369 323 422 missae
349 367 449 420 sibi
475 366 754 431 fraudator,
789 382 851 420 ne
877 367 1139 433 stuprator
1163 366 1445 435 uirginum,
1470 384 1534 421 ne
1558 370 2008 423 matrimoniorum

134 455 420 508 multorum
468 451 803 519 depopulator
852 451 1016 519 adque
1067 453 1332 518 corruptor
1374 453 1514 506 ultra
1557 455 1724 508 adhuc
1767 470 2008 523 sponsam

133 539 325 595 Christi
359 526 708 607 incorruptam
749 538 980 592 sanctam
1006 537 1247 604 pudicam
1272 539 1591 604 praesentiae
1617 555 1740 592 suae
1765 540 2008 595 dedecore

33 673 36 676 .
130 628 187 679 et
210 624 452 692 inpudica
478 624 643 691 adque
666 624 862 678 incesta
886 610 1188 693 contagione
1214 623 1450 677 uiolaret.

23 755 25 757 .
96 732 115 763 s
203 711 302 764 Sed
328 710 466 765 enim
490 711 626 764 lecta
649 710 752 763 alia
778 710 1026 778 epistula,
1063 710 1244 774 frater,
1273 725 1430 777 quam
1454 711 1637 778 primis
1664 712 1858 765 litteris
1885 712 2007 766 sub·
2026 713 2056 763 2

131 796 370 861 iunxisti,
410 796 537 849 satis
575 796 794 849 miratus
830 812 971 867 sum,
1013 791 1132 849 cum
1173 795 1660 850 animaduertissem
1686 798 1740 850 te
1763 798 1920 851 minis
1948 814 2009 852 ac

129 882 408 936 terroribus
448 896 624 935 eorum
650 881 739 948 qui
765 883 1011 934 uenerant
1036 882 1365 949 aliquantum
1379 897 1500 935 :esse
1527 886 1858 952 commotum,
1887 901 2008 938 cum

129 970 180 1022 te
225 969 504 1023 secundum
540 968 674 1035 quod
715 967 969 1036 scripsisti
1008 968 1239 1037 adgressi
1278 970 1473 1033 essent,
1519 984 1637 1022 cum
1674 986 1879 1023 summa
1918 970 2007 1024 de—

134 1055 418 1122 speratione
439 1054 806 1107 comminantes
825 1055 961 1122 quod
983 1054 1028 1108 si
1046 1055 1251 1108 litteras
1273 1071 1397 1123 quas
1423 1055 1719 1109 adtulerant
1743 1070 1844 1109 non
1863 1072 2008 1110 acce-

75 1161 117 1193 10
134 1142 321 1209 pi-sses,
357 1140 562 1208 publice
587 1156 670 1194 eas
695 1141 996 1206 recitarent,
1023 1141 1077 1193 et
1100 1142 1270 1194 multa
1293 1141 1469 1209 turpia
1493 1156 1552 1194 ac
1576 1141 1820 1210 probrosa
1845 1142 1897 1194 et
1923 1158 2009 1196 ore

19 1291 23 1299 Ἴ
135 1242 226 1281 suo
264 1227 419 1296 digna
453 1226 755 1294 proferrent.
795 1227 930 1294 quod
967 1226 1012 1280 si
1046 1227 1123 1280 ita
1159 1243 1241 1279 res
1283 1227 1386 1291 est,
1419 1226 1583 1280 frater
1620 1227 1908 1293 carissime,
1947 1230 2008 1282 ut

8 1306 36 1387 ‘s‘
130 1312 562 1387 nequissimorum
581 1312 830 1365 timeatur
851 1312 1066 1365 audacia
1080 1314 1133 1365 et
1148 1313 1283 1380 quod
1298 1312 1425 1366 mali
1443 1314 1554 1366 iure
1573 1315 1737 1381 adque
1750 1315 2008 1382 aequitate

7 1411 33 1471 gg*
133 1415 233 1452 non
266 1400 482 1467 possunt
516 1398 810 1451 temeritate
835 1414 894 1451 ac
920 1399 1276 1467 desperatione
1301 1399 1596 1467 perficiant,
1640 1402 1814 1454 actum
1841 1403 1920 1455 est
1946 1402 2009 1455 de

127 1485 450 1553 episcopatus
476 1485 655 1554 uigore
681 1486 733 1538 et
758 1485 821 1538 de
848 1485 1089 1549 ecclesiae
1116 1485 1478 1554 gubernandae
1505 1486 1721 1541 sublimi
1747 1503 1806 1540 ac
1831 1488 2009 1541 diuina

4 1556 25 1649 ζ]
45 1627 47 1629 ,
71 1587 111 1620 15
132 1572 402 1638 potestate,
430 1586 522 1624 nec
547 1570 817 1624 christiani
842 1571 982 1624 ultra
1007 1572 1099 1625 aut
1125 1572 1307 1624 durare
1333 1573 1425 1624 aut
1451 1587 1558 1625 esse
1583 1573 1690 1625 iam
1717 1588 2006 1641 possumuS,

0 1657 30 1730 :f
129 1657 173 1709 si
194 1658 259 1711 ad
275 1657 371 1710 hoo
389 1658 605 1710 uentum
625 1657 1122 1736 661311131161111110111111
1148 1657 1314 1710 minas
1341 1658 1507 1724 adque
1526 1657 1741 1711 insidias
1761 1659 2008 1725 pertime-

125 1756 341 1796 scamus.
381 1760 502 1796 nam
539 1744 592 1806 et
624 1743 845 1811 gentiles
880 1745 933 1796 et
957 1743 1134 1796 Iudaei
1172 1744 1436 1797 minantur
1476 1746 1528 1796 et
1553 1744 1800 1798 haeretici
1841 1746 2009 1814 adque

3 1859 40 1907 p
129 1844 303 1881 omnes
350 1843 568 1895 quorum
610 1829 817 1896 pectora
854 1830 906 1882 et
943 1831 1142 1882 mentes
1182 1830 1416 1882 diabolus
1460 1830 1662 1883 obsedit
1699 1835 2008 1885 uenenatam

12 1909 30 1997 ’ὃ
130 1915 326 1968 rabiem
371 1931 519 1971 suam
556 1916 743 1969 cotidie
778 1916 971 1969 furiosa
1006 1931 1129 1969 uoce
1164 1917 1452 1990 testantur5
1477 1933 1578 1970 non
1613 1918 1789 1970 tamen
1815 1919 2006 1972 idcirco

0 2022 25 2085 1}
64 2019 113 2054 ao
129 2001 411 2055 cedendum
451 2003 530 2054 est
565 2003 685 2069 quia
718 2002 1008 2066 minantur,
1050 2004 1141 2055 aut
1178 2003 1297 2056 inde
1334 2003 1659 2056 aduersarius
1686 2006 1738 2057 et
1764 2004 2006 2058 inimicus

124 2089 288 2142 maior
313 2090 391 2142 est
416 2088 620 2142 Christo
647 2090 769 2156 quia
789 2090 995 2142 tantum
1017 2089 1116 2142 sibi
1136 2090 1370 2142 uindicat
1391 2092 1442 2143 et
1462 2089 1692 2143 adsumit
1713 2092 1767 2143 in
1788 2091 2005 2144 saecule.

0 2083 29 2257 ξ
126 2191 332 2229 manere
358 2176 494 2242 apud
519 2190 610 2228 nos
636 2175 815 2240 debet,
842 2175 1004 2229 frater
1030 2176 1321 2240 carissime,
1348 2175 1469 2229 fidei
1495 2177 1650 2229 robur
1676 2177 1925 2229 inmobile
1953 2179 2006 2230 et

0 2260 20 2322 ,ἱ
124 2261 328 2315 stabilis
355 2263 520 2329 adque
546 2262 846 2316 inconcussa
869 2263 1039 2315 uirtus
1066 2263 1242 2316 contra
1266 2277 1441 2316 omnes
1468 2263 1705 2316 incursus
1732 2265 1898 2330 adque
1923 2264 2006 2316 in-

2 2343 5 2408 Ῐ
126 2350 276 2417 petus
314 2348 687 2404 oblatrantium
723 2348 986 2401 fluctuumv
1012 2350 1158 2402 uelut
1183 2350 1364 2418 petrae
1391 2348 1674 2403 obiacentis
1700 2349 2006 2403 fortitudine

74 2452 114 2486 25
131 2434 183 2485 et
216 2435 352 2486 mole
389 2434 541 2487 debet
587 2435 850 2488 obsistere.
891 2451 981 2488 nec
1019 2436 1234 2488 interest
1270 2436 1403 2489 unde
1443 2437 1677 2503 episcopo
1715 2438 1806 2489 aut
1842 2437 2006 2489 terror

8 2515 25 2598 J
126 2520 216 2571 aut
242 2520 532 2586 periculum
557 2521 764 2584 ueniat,
808 2522 895 2588 qui
923 2522 1204 2575 terroribus
1231 2524 1282 2575 et
1307 2522 1552 2591 periculis
1587 2522 1725 2575 uiuit
1760 2522 2006 2575 obnoxius

0 2626 18 2666 1
127 2606 372 2658 ettamen
399 2606 460 2658 fit
486 2606 694 2674 deipsis
721 2607 1001 2661 terroribus
1029 2623 1088 2661 ac
1113 2608 1356 2676 periculis
1382 2609 1651 2678 gloriosus.
1678 2625 1841 2676 neque
1868 2607 2007 2661 enim

0 2255 18 2280 ἂ.

7 2310 15 2334 5

0 1959 22 2014 ²3⁴

0 2786 13 2830 ³
214 2772 238 2848 1
260 2806 468 2861 stupator
486 2790 610 2862 P¹Q‚
632 2807 860 2862 strupator
882 2806 928 2851 R
1072 2808 1100 2851 2
1120 2808 1241 2851 ultro
1263 2821 1319 2852 ex
1339 2809 1482 2852 ultrae
1504 2809 1550 2853 R
1683 2810 1711 2852 4
1731 2810 1910 2864 ingesta
1937 2809 2006 2859 0²,

0 2891 19 2940 ᾗ,
123 2877 294 2920 intesta
317 2876 356 2934 Q
527 2877 555 2920 5
583 2877 777 2934 epistula
807 2880 888 2921 tua
914 2878 1004 2935 CQ,
1040 2881 1121 2923 tua
1151 2879 1343 2936 epistola
1365 2881 1438 2925 Rv
1610 2882 1636 2924 6
1658 2882 1723 2938 66]
1757 2883 1891 2937 atque
1922 2893 1948 2925 υ

0 2940 18 2998 ΞΪ
79 3005 83 3009 .
124 2949 151 2991 9
171 2948 211 2992 si
233 2961 314 2992 om.
345 2947 383 3005 Q
525 2948 581 2992 10
600 2950 647 2992 ct
665 2943 753 3005 616]
775 2962 848 2993 ore
869 2950 913 2992 P
1048 2951 1102 2994 11
1122 2950 1347 3007 proferent
1367 2952 1424 3004 R,
1447 2952 1676 3008 proferunt
1700 2952 1738 3010 Q
1873 2953 2005 2996 caris-

0 3008 14 3035 *
125 3019 235 3063 sime
256 3033 339 3063 om.
368 3020 450 3065 CR
580 3021 635 3064 12
654 3021 1096 3077 nequissimemorum
1117 3022 1182 3065 12¹
1309 3022 1471 3066 timeat
1490 3036 1580 3066 una
1599 3023 1646 3068 R
1769 3024 1886 3067 male
1915 3024 1952 3069 0

124 3091 180 3135 13
198 3091 371 3148 possint
398 3091 436 3136 Ο
573 3091 810 3148 proficiunt
831 3094 877 3137 P
1010 3095 1166 3149 aptum
1188 3094 1249 3137 M
1266 3095 1433 3149 (actum
1461 3094 1514 3151 Q)
1661 3094 1717 3138 14
1737 3097 1782 3138 et
1803 3109 1883 3139 om.
1915 3096 1953 3140 Ο

123 3162 302 3207 diuinae
325 3162 363 3220 Q
507 3163 562 3207 15
580 3177 660 3207 1166
679 3164 726 3209 R
745 3178 768 3208 c
787 3166 839 3208 in
859 3178 965 3220 ras„
987 3178 1041 3208 116
1064 3166 1102 3208 C'
1242 3166 1403 3209 christi
1431 3166 1514 3210 GR
1657 3166 1779 3210 ultra
1799 3180 1882 3211 om.
1915 3167 1955 3211 V

125 3235 204 3278 aut
231 3233 404 3291 durare]
435 3236 489 3277 ut
517 3233 673 3278 durare
696 3235 734 3292 Q
908 3236 963 3280 16
990 3236 1261 3292 perditorem
1289 3237 1344 3282 0¹
1518 3238 1887 3292 pertemescamus
1911 3237 1949 3295 Q

123 3305 178 3348 17
200 3307 247 3350 et
265 3305 496 3362 haeretici]
517 3305 703 3353 heretici
727 3306 765 3363 Q
879 3308 934 3352 19
954 3321 1035 3352 sua
1056 3308 1094 3353 G
1204 3307 1357 3354 fumosa
1378 3309 1416 3352 Ο
1527 3321 1632 3352 11666
1650 3321 1775 3364 supr.
1798 3322 1887 3353 ras.
1913 3309 1952 3354 G

124 3377 182 3421 20
201 3377 320 3435 inde]
351 3377 450 3422 ideo
480 3376 654 3433 GRQ²v
686 3376 806 3434 (inde
826 3378 970 3436 MQ1)
1144 3380 1199 3424 21
1226 3380 1416 3423 maiores
1444 3378 1501 3436 Q¹
1531 3379 1688 3428 (maior
1719 3382 1789 3424 cst
1807 3380 1946 3438 MQ2)

124 3447 212 3491 isto
233 3448 408 3492 saeculo
427 3448 473 3492 P
614 3449 672 3493 22
690 3434 781 3492 fr?
785 3435 896 3493 1111Ῥῖ
899 3450 978 3503 13¹,
1010 3450 1150 3494 frater
1178 3451 1216 3495 G
1348 3450 1406 3494 24
1425 3450 1648 3494 fructuum
1670 3450 1716 3496 R
1848 3452 1905 3495 25
1926 3454 2006 3496 aut

126 3531 243 3563 error
263 3519 308 3563 P
455 3519 512 3563 26
531 3519 813 3576 periliculum
834 3521 900 3565 L¹
1043 3522 1229 3565 ueniant
1251 3521 1290 3579 Q
1434 3521 1555 3565 uiuit
1578 3554 1588 3564 .
1607 3555 1616 3565 .
1635 3556 1645 3566 .
1671 3522 1780 3579 ipsis
1800 3537 1883 3568 om.
1915 3524 1953 3569 Ο

70 3596 80 3609 “
124 3589 179 3634 27
200 3590 254 3634 fit
272 3590 342 3647 de]
366 3589 469 3634 fidei
491 3591 536 3635 P
650 3591 716 3648 ac]
738 3584 848 3636 et'L
964 3593 1186 3649 gloriosus
1208 3594 1278 3636 est
1305 3593 1342 3638 G
