2332 3978
292 289 400 344 810
957 284 1200 332 Caecilii
1242 283 1515 343 Cypriani

723 500 1338 593 EPIsTVLA
1397 426 1756 591 Lxxv.

528 671 927 717 FIRMILIANVS
959 671 1268 718 CYPRIANO
1297 669 1523 714 FRATRI
1552 669 1622 713 IN
1651 669 1890 715 DOMINO
1921 668 1963 712 S.

250 822 271 872 1
369 816 679 882 Accepimus
723 831 812 882 per
854 815 1208 883 Rogatianum
1253 814 1582 867 carissimum
1628 815 1864 866 nostrum
1912 813 2184 866 diaconum

298 919 328 956 a
353 902 500 954 uobis
540 901 760 953 missum
795 901 999 953 litteras
1035 915 1162 967 quas
1190 900 1255 953 ad
1280 915 1372 953 nos
1399 899 1586 964 fecisti,
1626 899 1786 953 frater
1825 899 2180 961 dilectissime,

303 989 355 1041 et
379 988 574 1057 gratias
601 987 808 1055 propter
831 987 957 1039 haec
982 986 1090 1039 Deo
1117 986 1368 1039 maximas
1396 986 1598 1055 egimus
1628 986 1765 1054 quod
1791 985 2083 1055 contigerit,
2120 987 2217 1038 ut⁵

298 1075 388 1143 qui
428 1089 634 1141 corpore
672 1074 733 1126 ab
771 1073 999 1125 inuicem
1039 1089 1338 1141 separamur
1379 1073 1452 1125 sic
1493 1073 1682 1141 spiritu
1721 1073 2005 1126 adunemur
2041 1072 2188 1139 quasi
2326 1053 2332 1113 ἶ

296 1175 397 1214 11011
423 1177 581 1213 unam
607 1161 816 1212 tantum
841 1159 1104 1228 regionem
1130 1160 1382 1223 tenenteS,
1412 1159 1502 1212 sed
1529 1160 1583 1212 in
1610 1159 1722 1226 ipsa
1748 1158 1900 1225 atque
1926 1157 1981 1210 in
2008 1157 2188 1210 eadem

300 1247 451 1299 domo
488 1246 645 1298 simul
672 1245 1038 1297 inhabitantes
1077 1245 1212 1311 quod
1239 1247 1290 1298 et
1316 1246 1464 1299 decet
1491 1245 1674 1308 dicere,
1713 1244 1834 1311 quia
1859 1245 1912 1296 et
1938 1243 2187 1311 spiritalis

298 1333 481 1384 domus
506 1332 604 1384 Dei
640 1348 742 1383 una
772 1331 864 1383 est.
906 1330 1034 1383 erit
1072 1331 1239 1383 enim
1277 1332 1342 1383 in
1380 1330 1789 1394 nouissimiS,
1830 1330 1920 1392 ait,
1961 1329 2188 1382 diebus

298 1417 691 1470 manifestus
729 1432 904 1470 mons
943 1417 1202 1470 Domini
1242 1418 1303 1469 et
1341 1417 1559 1470 domus
1597 1416 1714 1469 Dei
1753 1431 1945 1483 super
1980 1415 2183 1469 uerti-
2205 1430 2249 1460 ιο

299 1519 398 1557 ces
424 1503 754 1556 montium.
792 1503 847 1555 in
874 1519 973 1570 qua
1001 1502 1357 1555 conuenientes
1386 1519 1504 1555 cum
1531 1502 1850 1555 iocunditate
1876 1501 2183 1565 adunantur,

304 1589 585 1643 secundum
612 1589 746 1656 quod
773 1590 824 1641 et
850 1588 904 1640 in
930 1590 1127 1655 psalmo
1153 1589 1248 1640 hoc
1273 1590 1568 1656 postulatur
1594 1605 1624 1641 a
1646 1588 1867 1641 Domino
1893 1587 2186 1641 inhabitare

299 1676 353 1728 in
381 1675 530 1727 domo
549 1675 647 1727 Dei
673 1690 760 1741 per
786 1666 963 1726 omnes
990 1675 1100 1727 dies
1128 1675 1281 1727 uitae.
1310 1675 1445 1727 unde
1468 1675 1518 1726 et
1539 1675 1593 1726 in
1621 1674 1722 1727 alio
1748 1675 1858 1726 loco
1885 1673 2185 1726 manifesta-

298 1763 413 1814 tum
430 1763 512 1814 est
539 1777 647 1814 esse
675 1761 811 1827 apud
838 1762 1040 1813 sanctos
1067 1777 1312 1829 magnam
1338 1760 1626 1813 uoluntatis
1654 1760 1928 1813 caritatem
1949 1761 2004 1812 in
2023 1776 2183 1812 unum

301 1848 582 1900 conuenire.
652 1863 820 1909 ecce,
878 1847 1064 1913 inquit,
1125 1863 1306 1913 quam
1362 1847 1590 1899 bonum
1649 1846 1710 1898 et
1765 1845 2247 1913 uoluptabile1⁵

299 1935 503 1987 estut
543 1934 844 1986 habitent
882 1932 1121 1985 fratres
1159 1934 1223 1985 in
1260 1950 1467 1985 unum.

251 2023 280 2072 2
373 2020 636 2072 Adunatio
688 2020 824 2072 enim
868 2022 919 2072 et
963 2036 1061 2087 pax
1105 2021 1157 2072 et
1203 2020 1473 2072 concordia
1519 2034 1620 2071 non
1669 2020 1838 2072 solum
1888 2018 2185 2071 hominibus

278 2120 282 2126 ’
302 2106 543 2159 fidelibus
565 2107 616 2159 et
637 2106 1061 2174 cognoscentibus
1088 2107 1364 2158 ueritatem
1385 2105 1474 2157 sed
1496 2107 1547 2159 et
1568 2106 1768 2175 angelis
1794 2105 1923 2173 ipsis
1950 2104 2186 2158 caelesti-

300 2193 396 2244 bus
433 2193 757 2259 uoluptatem
793 2192 1074 2244 maximam
1108 2193 1354 2258 praestat,
1394 2193 1579 2259 quibus
1618 2193 1746 2245 dicit
1785 2208 1951 2244 sermo
1979 2191 2186 2243 diuinus

302 2294 409 2332 esse
437 2279 685 2347 gaudium
706 2279 758 2331 in
780 2293 879 2330 uno
905 2279 1169 2345 peccatore
1194 2279 1571 2345 paenitentiam
1599 2280 1781 2347 agente
1808 2277 1943 2330 etad
1969 2276 2185 2329 unitatis
2203 2291 2246 2322 20

306 2365 573 2418 uinculum
612 2365 914 2417 reuertente.
959 2365 1093 2431 quod
1130 2365 1309 2431 utique
1345 2381 1444 2417 non
1471 2365 1726 2417 diceretur
1753 2365 1814 2417 de
1842 2364 2041 2432 angelis
2069 2378 2187 2414 con-

305 2452 649 2504 uersationem
676 2450 730 2502 in
757 2451 911 2503 caelis
951 2451 1273 2518 habentibUS,
1316 2451 1417 2503 nisi
1456 2450 1558 2519 ipsi
1598 2466 1797 2518 quoque
1837 2450 2005 2502 essent
2041 2449 2188 2502 nobis
2221 2467 2223 2469 >

306 2537 520 2589 adunati
548 2537 635 2604 qui
663 2538 837 2589 nostra
863 2537 1170 2589 adunatione
1197 2537 1472 2601 laetantur,
1514 2537 1648 2588 sicut
1675 2552 1701 2589 e
1728 2535 1982 2589 contrario
2009 2535 2189 2602 utique

308 2624 692 2691 contristantur,
714 2672 719 2678 .
746 2623 947 2690 quando
1000 2623 1184 2675 uident
1234 2623 1463 2675 diuersas
1516 2621 1838 2689 quorundam
1888 2621 2086 2674 mentes
2138 2621 2189 2673 et

308 2710 488 2762 scissas
536 2709 848 2773 uoluntateS,
898 2709 1046 2775 quasi
1089 2724 1190 2761 non
1234 2710 1440 2761 tantum
1486 2726 1646 2761 unum
1687 2710 1738 2761 et
1778 2708 1994 2760 eundem
2020 2707 2188 2759 Deum
2209 2723 2250 2754 25

477 2894 504 2936 9
536 2893 607 2937 Es.
640 2897 681 2947 2,
712 2895 752 2938 2.
872 2894 927 2936 15
958 2893 1030 2937 Ps.
1064 2893 1161 2946 122,
1195 2895 1233 2936 1.

396 3064 537 3120 Epist.
560 3064 734 3108 LXXV.
760 3090 812 3095 —
835 3065 1004 3121 Incipit
1026 3065 1223 3121 epistula
1243 3065 1500 3109 Firmiliani
1524 3065 1580 3109 ad
1600 3064 1871 3121 Cyprianum
1894 3076 1933 3115 o,
1963 3063 2192 3107 Firmilia-

310 3150 392 3179 nus
415 3136 469 3179 ad
488 3137 757 3192 Cyprianum
774 3139 813 3186 I,
837 3137 1008 3193 Incipit
1028 3137 1193 3181 Caecili
1223 3137 1435 3194 Cypriani
1456 3137 1511 3180 ad
1533 3137 1748 3191 Quintum
1768 3136 1963 3180 feliciter
1983 3135 2034 3192 Q,
2055 3136 2191 3179 inser.

311 3221 393 3251 om.
413 3209 463 3252 E
475 3234 528 3240 -—
545 3209 572 3251 2
594 3208 641 3251 111
662 3207 836 3251 (101111110
858 3222 939 3252 om.
962 3221 987 3251 ο
1084 3209 1112 3252 4
1132 3208 1435 3265 dilectissime]
1457 3195 1557 3252 k'mve
1578 3222 1603 3252 0
1624 3210 1677 3251 in
1697 3222 1786 3252 ras.
1809 3222 1864 3251 m.
1888 3210 1921 3251 2
2022 3207 2050 3251 5
2070 3207 2194 3262 haec]

310 3280 395 3323 hoc
415 3294 441 3324 v
577 3280 755 3324 domino
773 3294 811 3333 v,
835 3267 1002 3333 dOEM
1025 3267 1166 3338 doTQ
1311 3282 1335 3324 7
1358 3281 1471 3336 ipsa]
1495 3294 1583 3324 una
1604 3280 1698 3324 cod.
1726 3279 1959 3323 Goulartii
2101 3279 2128 3322 9
2148 3278 2196 3321 in

311 3365 394 3395 om.
417 3351 468 3394 Ε
598 3352 681 3408 ait]
704 3352 921 3408 propheta
942 3352 1049 3396 add.
1072 3367 1098 3397 v
1244 3353 1297 3396 11
1321 3350 1425 3409 qua]
1448 3366 1580 3408 quam
1602 3352 1732 3396 EIov
1867 3351 1922 3394 12
1942 3351 1989 3394 et
2009 3363 2089 3394 om.
2114 3363 2139 3393 ο

311 3422 367 3465 14
387 3423 639 3480 caritatem]
663 3423 943 3467 alacritatem
964 3424 1080 3468 coni.
1102 3424 1257 3468 Routh
1430 3424 1485 3467 15
1506 3423 1826 3480 uoluptabilem
1852 3422 1889 3480 Q
2052 3421 2109 3464 16
2128 3421 2197 3464 in-

311 3494 519 3537 habitent
535 3496 570 3538 I
736 3496 791 3539 19
812 3496 1134 3552 uolumptatem
1159 3494 1195 3552 Q
1368 3495 1425 3539 20
1445 3497 1651 3551 agentem
1671 3495 1734 3539 Μ
1734 3493 1793 3551 ρ*
1975 3493 2029 3536 21
2052 3506 2197 3536 reuer-

311 3567 481 3610 tentem
502 3567 564 3610 M
567 3566 622 3623 ρ’
