2332 3978
308 267 414 323 538
972 263 1221 311 Caecilii
1260 263 1535 322 Cypriani

749 479 1396 573 EPISTVLA
1475 477 1807 607 xxv„

709 651 1048 699 CYPRIANVS
1108 649 1415 697 CALDONIO
1473 649 1697 694 FRATRI
1746 650 1790 694 S.

373 796 687 865 Accepimus
712 797 918 851 litteras
943 797 1079 860 tuas,
1105 795 1267 848 frater
1292 793 1576 859 carissime,
1605 794 1736 848 satis
1763 794 1962 849 sobrias
1983 795 2036 849 et
2055 794 2193 849 inte-
2282 794 2283 797 ’

304 883 515 953 gritatis
552 899 612 937 ac
644 883 765 937 fidei
803 883 999 951 plenas,
1040 898 1135 935 nec
1172 880 1429 934 miramur
1464 879 1510 932 si
1537 880 1849 934 exercitatus
1875 881 2007 934 etin
2032 882 2197 950 scrip·
2284 935 2285 938 ,

300 970 436 1023 turis
482 970 756 1024 dominicis
799 969 998 1037 peritus
1045 968 1194 1022 caute
1237 966 1414 1021 omnia
1456 967 1509 1020 et
1553 968 1789 1021 consulte
1833 983 2019 1037 geras,X
2053 968 2228 1023 rectos
2328 1031 2329 1034 Ἰ

301 1058 478 1110 autem
514 1056 723 1110 sensisti
761 1056 896 1109 circa
930 1053 1311 1125 inpertiendam
1335 1053 1591 1108 fratribus
1615 1054 1808 1108 nostris
1834 1070 2014 1122 pacem
2040 1070 2196 1122 quam

301 1143 403 1196 sibi
434 1144 538 1211 vipsi
575 1159 698 1196 uera
722 1141 1047 1209 paenitentia
1073 1141 1124 1194 et
1150 1140 1442 1194 dominicae
1466 1139 1802 1194 confessionis
1829 1139 1996 1210 gloria
2020 1140 2196 1194 reddi-

298 1229 485 1283 derunt
520 1228 845 1282 sermonibus
881 1227 989 1280 suis
1028 1226 1320 1291 iustificati,
1358 1226 1547 1294 quibus
1574 1242 1628 1280 se
1656 1226 1776 1280 ante
1802 1226 2192 1280 damnauerant.

300 1330 418 1368 cum
445 1330 566 1385 ergo
588 1314 853 1368 abluerint
873 1328 1023 1367 omne
1044 1314 1297 1367 delictum
1318 1314 1369 1367 et
1388 1314 1649 1367 maculam
1669 1314 1894 1381 primam
1914 1313 2196 1367 adsistente

298 1403 400 1455 sibi
425 1401 647 1455 Domino
683 1401 966 1469 posteriore
1001 1400 1200 1454 uirtute
1236 1400 1537 1461 deleuerint‚
1573 1401 1741 1454 iacere
1776 1401 1919 1453 ultra
1953 1400 2048 1454 sub
2076 1399 2190 1454 dia·
2207 1421 2250 1454 10

297 1489 414 1542 bolo
452 1489 599 1556 quasi
634 1488 886 1556 prostrati
925 1503 1026 1541 non
1061 1488 1267 1553 debent,
1311 1488 1401 1556 qui
1429 1488 1654 1541 extorres
1681 1487 1809 1540 facti
1836 1488 1888 1540 et
1909 1486 2057 1541 bonis
2085 1488 2193 1541 suis

297 1574 536 1628 omnibus
582 1574 794 1642 spoliati
838 1575 1110 1627 erexerunt
1145 1590 1197 1627 se
1233 1574 1285 1628 et
1325 1589 1444 1627 cum
1471 1572 1677 1627 Christo
1718 1574 1856 1627 stare
1896 1575 2190 1641 coeperunt.

298 1662 454 1728 atque
498 1661 704 1714 utinam
749 1661 824 1714 sic
851 1660 903 1714 et
929 1660 1087 1714 ceteri
1131 1662 1250 1728 post
1294 1661 1503 1729 lapsum
1544 1660 1867 1728 paenitentes
1902 1661 1957 1713 in
1992 1661 2192 1713 statum

295 1747 583 1816 pristinum
630 1746 1004 1800 reformentur:
1051 1762 1178 1815 quos
1221 1763 1358 1800 nunc
1397 1748 1643 1817 urgentes
1684 1748 1736 1800 et
1777 1762 1958 1816 pacem
1996 1747 2191 1800 temere

295 1834 450 1901 atque
487 1834 762 1901 inportune
801 1834 1161 1901 extorquentes
1202 1834 1456 1901 quomodo
1493 1833 1900 1901 disposuerimus
1926 1834 1987 1886 ut
2012 1833 2186 1898 scires
2207 1855 2248 1888 ιε

293 1920 493 1973 librum
528 1919 628 1972 tibi
666 1936 786 1973 cum
824 1919 1064 1988 epistulis
1102 1936 1317 1973 numero
1345 1920 1570 1988 quinque
1595 1920 1719 1973 misi
1746 1935 1873 1987 quas
1899 1920 1963 1972 ad
1991 1919 2188 1973 clerum
2326 1916 2332 1931 ²

296 2010 349 2062 et
384 2008 450 2060 ad
486 2007 691 2075 plebem
732 2008 785 2060 et
821 2006 886 2059 ad
922 2007 1178 2075 martyres
1218 2022 1418 2074 quoque
1455 2007 1508 2060 et
1544 2007 1855 2060 confessores
1893 2005 2017 2060 feci:
2060 2021 2188 2074 quae

296 2094 550 2161 epistulae
589 2093 750 2146 etiam
787 2092 1032 2160 plurimis
1069 2092 1284 2161 collegis
1318 2092 1510 2146 nostris
1544 2094 1735 2146 missae
1770 2093 2092 2160 placuerunt,
2134 2093 2187 2145 et

293 2179 668 2247 rescripserunt
706 2196 760 2232 se
796 2194 997 2247 quoque
1034 2179 1305 2232 nobiscum
1340 2179 1395 2232 in
1432 2180 1611 2232 eodem
1652 2178 1864 2233 consilio
1901 2179 2184 2232 secundum

294 2266 608 2319 catholicam
634 2265 792 2318 fidem
819 2266 972 2319 stare.
1001 2265 1138 2333 quod
1163 2265 1338 2334 ipsum
1365 2266 1424 2319 tu
1452 2266 1611 2319 etiam
1638 2265 1703 2319 ad
1729 2265 1957 2334 collegas
1982 2266 2184 2318 nostros
2201 2283 2244 2316 20
2326 2304 2332 2330 .-

293 2367 419 2420 quos
444 2352 675 2420 potueris
700 2352 1048 2415 transmitteS‚
1076 2353 1135 2405 ut
1155 2353 1291 2419 apud
1319 2367 1496 2405 omnes
1522 2369 1655 2406 unus
1682 2353 1829 2406 actus
1856 2352 1908 2405 et
1932 2367 2036 2404 una
2064 2367 2184 2405 con·
2224 2402 2228 2405 μ

294 2439 460 2492 sensio
512 2439 794 2491 secundum
839 2438 1052 2491 Domini
1102 2439 1375 2506 praecepta
1424 2439 1681 2492 teneatur.
1735 2438 1855 2507 opto
1905 2438 1973 2503 te,
2025 2436 2186 2491 frater

292 2525 574 2594 carissime,
603 2540 803 2592 semper
828 2525 955 2578 bene
980 2525 1168 2578 ualere.

2311 1247 2327 1262 .,

2301 1276 2332 1341 t*

378 2725 523 2781 Epist.
562 2725 697 2769 xxv.
729 2749 784 2757 -
815 2725 986 2782 Incipit
1023 2725 1214 2781 epistola
1248 2704 1462 2782 'Cypriani
1505 2725 1721 2782 (epistula
1756 2739 1838 2770 om.
1873 2727 1939 2780 10,
1980 2712 2181 2783 cypriam

291 2809 375 2840 om.
399 2798 443 2852 ο)
464 2796 519 2840 ad
541 2796 806 2842 Caldonium
826 2797 911 2840 EI
915 2799 990 2850 To,
1017 2810 1099 2841 om.
1125 2815 1174 2849 ω,
1207 2797 1407 2841 Secunda
1429 2797 1485 2841 ad
1507 2797 1693 2841 eundem
1713 2797 1875 2855 incipit
1896 2815 1928 2855 μ
1950 2799 2098 2854 (epist,
2123 2802 2181 2842 41

283 2870 580 2925 praemissa).
605 2894 658 2901 —-
680 2870 707 2912 3
730 2870 878 2925 accepi
899 2886 932 2926 μ
1060 2871 1084 2912 7
1107 2869 1196 2926 ipsi
1217 2883 1274 2914 em
1295 2869 1395 2926 ipsa
1421 2872 1462 2912 T
1571 2869 1899 2926 paenitentiam
1927 2872 1970 2913 Τ
2079 2884 2180 2915 con-

290 2941 480 2984 fusionis
507 2944 548 2984 T
706 2942 734 2985 8
755 2941 1017 2986 iustificatis
1038 2943 1187 2985 E¹Tco
1343 2944 1447 2986 ante
1466 2956 1546 2987 om.
1572 2959 1604 2999 μ,
1750 2932 2019 2987 damnauert
2033 2959 2065 3000 μ

289 3013 317 3057 9
339 3012 571 3056 abluerent
591 3016 653 3073 μὶ
808 3013 1020 3070 primam]
1051 3014 1290 3071 pristinam
1312 3028 1373 3071 μυ
1538 3014 1595 3057 10
1615 3014 1874 3071 posteriore]
1906 3014 2101 3071 postiore
2126 3015 2178 3068 T,

289 3084 459 3141 potiore
487 3084 553 3130 Vv
717 3084 911 3129 delerint
939 3086 982 3129 V
1143 3086 1195 3129 11
1218 3086 1329 3129 facti
1359 3087 1405 3130 et
1434 3085 1569 3130 factis
1591 3090 1645 3143 μι
1811 3087 1866 3131 12
1888 3100 1988 3131 cum
2010 3086 2180 3131 christo

289 3169 371 3201 om.
397 3173 428 3213 μ
561 3169 608 3200 se
630 3157 748 3200 stare
770 3169 796 3200 ο
933 3157 988 3200 13
1010 3157 1074 3201 sic
1096 3158 1157 3214 et]
1180 3158 1219 3200 si
1246 3158 1298 3214 T,
1322 3159 1367 3201 et
1390 3175 1425 3200 ω
1563 3159 1619 3202 14
1639 3171 1748 3215 quas
1770 3159 1838 3203 Ει
1967 3159 2178 3216 urgentes

288 3239 371 3272 om.
398 3229 440 3271 T
572 3216 647 3272 ”15
668 3229 779 3272 scire
808 3231 850 3272 T
991 3229 1045 3274 16
1066 3228 1156 3273 tibi
1177 3229 1343 3273 librum
1365 3246 1397 3286 μ
1545 3231 1599 3274 17
1620 3232 1845 3288 martyras
1866 3248 1898 3288 μ
2045 3231 2109 3288 et]
2131 3232 2178 3274 et

287 3299 343 3343 ad
367 3316 402 3342 ω
521 3300 577 3344 18
598 3299 754 3357 etiam]
775 3300 868 3344 iam
894 3300 995 3357 Τμυ
1130 3301 1188 3344 20
1205 3302 1286 3344 tua
1306 3301 1445 3346 etiam
1471 3304 1520 3355 T,
1544 3302 1682 3347 etiam
1703 3304 1756 3346 tu
1776 3316 1838 3359 μυ
1953 3303 2009 3347 21
2029 3304 2176 3348 trans-

287 3371 468 3415 mittere
490 3375 556 3428 u¹‚
580 3372 842 3416 transmitte
862 3387 890 3417 v
1024 3372 1272 3429 consensio]
1294 3373 1509 3417 confessio
1532 3391 1563 3430 μ
1710 3375 1767 3419 22
1787 3373 1958 3418 domini
1979 3387 2062 3418 om.
2085 3390 2119 3431 μ

285 3444 331 3485 te
351 3442 508 3499 frater]
541 3456 620 3486 uos
640 3443 804 3487 fratres
833 3445 941 3500 Τῑμ.
965 3469 1017 3476 -
1041 3443 1246 3500 Epistola
1267 3442 1482 3500 Cypriani
1503 3444 1558 3489 ad
1580 3444 1846 3490 Caldonium
1866 3445 2051 3502 explicit
2070 3444 2176 3499 ΕΤ,

285 3514 483 3571 Explicit
504 3514 561 3559 ad
582 3514 847 3561 Caldonium
869 3528 908 3569 o,
933 3528 1014 3560 om.
1039 3532 1126 3572 μω.
1149 3541 1202 3547 —-
