2332 3978
725 251 1016 308 Epistulae
1046 250 1261 296 LXXII.
1294 265 1332 299 c.
1363 254 1485 298 1—3.
1928 252 2029 308 777

70 406 83 454 7ς
140 373 142 377 ’
167 381 368 449 oportet
405 380 542 434 enim
567 380 854 434 sacerdotes
880 382 932 434 et
956 380 1220 434 ministros
1246 383 1334 449 qui
1369 382 1521 435 altari
1557 384 1609 436 et
1644 382 1906 437 sacrificiis
1941 383 2032 438 de-

60 468 66 529 ᾗ
168 467 404 520 seruiunt
424 466 655 535 >integros
682 467 846 534 adque
871 465 1213 519 inmaculatos
1238 481 1361 532 esse,
1391 483 1509 521 cum
1535 468 1785 521 Dominus
1810 469 1949 521 Deus
1976 470 2030 522 in

72 577 77 581 ⁴
168 551 397 607 Leuitico
423 552 666 619 loquatur
691 553 742 604 et
767 551 929 604 dicat:
965 551 1152 603 homo
1193 546 1416 619 in‘quo
1455 553 1654 606 fuerit
1693 554 1945 607 macula
1970 554 2032 608 et

61 682 63 690 ,
171 636 415 692 uitium
463 651 582 690 non
630 637 898 690 accedet
935 635 1139 690 offere
1177 636 1339 690 dona
1374 638 1529 702 Deo,
1579 638 1708 692 item
1757 639 1812 692 in
1857 640 2029 693 Exodo

2 747 13 785 4
52 716 88 783 [a
129 724 291 779 §haec
336 722 512 776 eadem
555 722 836 791 praecipiat
881 723 932 776 et
973 722 1140 776 dicat:
1194 722 1255 775 et
1297 723 1671 776 sacerdotes
1707 724 1814 792 qui
1857 739 2028 778 acce-

166 807 328 864 dunt
376 807 450 861 ad
497 808 836 861 Dominnm
884 788 1082 861 Deun⁶1
1134 806 1670 873 sanctificemur,
1732 825 1804 862 ne
1854 809 2029 864 forte

166 893 593 962 'derelinquat
631 893 792 946 illos
835 894 1166 948 Dominus.
1209 894 1260 946 et
1303 893 1518 946 iterum:
1569 895 1810 947 etcum
1854 911 2029 949 acce·

85 996 91 1024 1
166 979 320 1032 dunt
362 979 742 1032 ministrare
797 980 871 1032 ad
910 979 1118 1032 altare
1161 980 1399 1044 sancti,
1441 995 1559 1032 non
1602 980 1927 1033 adducent
1965 980 2031 1034 in

165 1081 227 1119 se
285 1064 599 1118 delictum
647 1080 719 1117 ne
767 1065 1145 1129 moriantur,
1213 1065 1347 1132 quod
1405 1066 1581 1118 autem
1636 1065 1803 1117 maius
1861 1068 2029 1134 potest

42 1139 57 1218 ,ζ’
109 1174 152 1205 ιο
167 1166 275 1205 esse
303 1151 549 1204 delictum
577 1153 668 1204 aut
693 1167 823 1218 quae
857 1151 1062 1204 macula
1098 1150 1372 1204 deformior
1407 1167 1560 1219 quam
1599 1151 1844 1205 aduersus
1880 1151 2028 1205 Chri-

159 1237 304 1302 stum
330 1237 551 1303 stetisse,
580 1253 736 1305 quam
764 1237 1032 1290 ecclesiam
1059 1236 1168 1290 eius
1195 1253 1350 1304 quam
1375 1237 1465 1290 ille
1492 1238 1738 1307 sanguine
1764 1253 1854 1291 suo
1879 1254 2028 1306 para-

165 1323 246 1376 uit
273 1323 325 1375 et
351 1323 582 1376 condidit
609 1323 901 1390 dissipasse,
930 1338 1085 1390 quam
1113 1323 1435 1391 euangelicae
1468 1323 1608 1391 pacis
1646 1339 1704 1376 ac
1740 1324 2028 1378 dilectionis

167 1407 390 1461 oblitum
425 1410 602 1462 contra
640 1409 933 1462 unanimem
972 1409 1024 1460 et
1061 1409 1356 1462 concordem
1395 1409 1493 1461 Dei
1536 1410 1783 1476 populum
1826 1410 2030 1464 hostilis

163 1494 444 1548 discordiae
469 1495 638 1548 furore
662 1496 952 1564 pugnasse?
979 1495 1068 1562 qui
1093 1495 1191 1547 etsi
1211 1495 1311 1561 ipsi
1330 1495 1658 1562 postmodum
1678 1496 1742 1548 ad
1763 1496 2032 1550 ecclesiam

26 1581 49 1644 '7³
106 1603 149 1635 15
164 1581 395 1647 redeunt,
423 1581 692 1634 restituere
718 1582 892 1634 tamen
918 1596 1000 1634 eos
1028 1582 1079 1633 et
1105 1596 1279 1634 secum
1304 1595 1539 1634 reuocare
1566 1597 1666 1635 non
1691 1583 1905 1649 possunt
1941 1582 2030 1650 qui

34 1651 36 1657 ¹
163 1665 227 1719 ab
256 1666 329 1719 eis
357 1667 554 1720 seducti
582 1668 633 1720 et
659 1666 781 1719 foris
808 1667 973 1719 morte
998 1666 1266 1733 praeuenti
1293 1668 1434 1719 extra
1458 1666 1727 1719 ecclesiam
1754 1667 1861 1720 sine
1889 1682 2029 1720 com·
2098 1699 2100 1701 v

161 1751 506 1806 municatione
533 1754 584 1805 et
609 1767 731 1820 pace
767 1752 1045 1819 perierunt,
1087 1768 1303 1820 quorum
1341 1752 1541 1805 animae
1576 1752 1631 1805 in
1658 1752 1738 1805 die
1764 1753 1943 1806 iudicii
1969 1754 2030 1806 de

166 1837 397 1906 ipsorum
431 1838 668 1891 manibus
706 1839 1007 1905 expetentur
1051 1837 1140 1905 qui
1183 1838 1485 1905 perditionis
1519 1838 1749 1891 auctores
1787 1840 1839 1892 et
1874 1839 2028 1894 duces

16 1983 18 1986 y
165 1923 462 1977 extiterunt.
493 1925 543 1977 et
568 1924 757 1977 idcirco
792 1924 919 1977 satis
943 1926 1020 1977 est
1046 1924 1238 1977 talibus
1264 1925 1640 1977 reuertentibus
1666 1924 1872 1978 ueniam
1899 1925 2027 1991 dari,

33 2021 37 2042 ³
106 2034 150 2067 20
165 2023 265 2062 non
290 2009 464 2063 tamen
491 2009 641 2062 debet
665 2010 720 2063 in
747 2009 895 2062 domo
921 2009 1042 2062 fidei
1067 2009 1280 2076 perfidia
1305 2010 1607 2077 promoueri.
1645 2026 1763 2062 nam
1790 2010 1913 2077 quid
1937 2010 2029 2063 bo-

166 2094 248 2148 nis
274 2097 325 2149 et
350 2096 705 2150 innocentibus
731 2096 898 2163 adque
929 2096 992 2148 ab
1029 2095 1243 2149 ecclesia
1276 2111 1375 2148 non
1410 2095 1763 2148 recedentibus
1798 2111 2028 2149 reserua-

79 2171 93 2182 ‘
162 2196 295 2245 muS,
325 2181 369 2233 si
396 2196 478 2234 eos
505 2181 594 2250 qui
620 2198 651 2234 a
675 2182 822 2235 nobis
848 2181 1149 2234 recesserint
1188 2182 1239 2234 et
1276 2182 1452 2234 contra
1486 2181 1753 2234 ecclesiam
1790 2181 2029 2234 steterint

159 2266 505 2320 honoramus?

232 2353 374 2406 Haec
409 2353 474 2406 ad
500 2351 866 2407 conscientiam
902 2354 1065 2416 tuam,
1110 2351 1272 2405 frater
1307 2351 1584 2416 carissime,
1632 2352 1683 2404 et
1717 2366 1807 2418 pro
1842 2352 2077 2405 honore3

13 2423 18 2431 ¹
100 2461 144 2493 25
165 2440 426 2493 communi
452 2440 502 2492 et
526 2453 616 2506 pro
643 2439 870 2507 simplici
896 2437 1168 2490 dilectione
1204 2438 1532 2504 pertulimuS,
1570 2437 1832 2490 credentes
1871 2438 2029 2491 etiam

160 2524 260 2578 tibi
294 2541 384 2593 pro
424 2524 686 2594 religionis
712 2525 832 2577 tuae
860 2526 910 2577 et
938 2523 1056 2576 fidei
1083 2523 1304 2576 ueritate
1330 2524 1530 2591 placere
1556 2539 1686 2590 quae
1712 2523 1763 2577 et
1789 2523 2030 2592 religiosa

330 2701 358 2745 3
387 2700 491 2745 Leu.
523 2701 592 2754 21,
624 2702 691 2745 21.
809 2701 837 2744 5
866 2700 941 2743 Ex.
975 2700 1042 2752 19,
1074 2699 1160 2743 22.·
1261 2699 1286 2742 7
1318 2698 1394 2742 Ex.
1426 2699 1496 2752 28,
1527 2699 1596 2742 43.

245 2865 271 2907 1
293 2864 451 2907 altario
475 2864 530 2916 Β,
553 2863 708 2908 altarii
736 2864 773 2921 Q
928 2864 955 2907 2
977 2877 1075 2907 cum
1096 2876 1177 2908 om.
1203 2863 1258 2915 Β,
1278 2864 1425 2906 tecum
1447 2862 1548 2907 LN
1697 2862 1802 2907 deus
1824 2876 1905 2908 om.
1930 2863 1980 2906 E

156 2936 188 2980 3
207 2935 404 2992 loquitur
426 2935 471 2980 Β
659 2935 689 2979 4
708 2934 874 2979 exhodo
896 2934 985 2992 LQ
1175 2936 1203 2979 5
1222 2920 1434 2991 effipiat
1455 2934 1505 2977 E
1515 2923 1542 2977 ἶ
1563 2948 1595 2978 s.
1617 2934 1646 2978 l.
1842 2935 1866 2978 7
1889 2934 2030 2979 delin-

7 3034 14 3067 .-·
161 3009 272 3064 quat
291 3007 337 3051 L
591 3008 619 3051 8
648 3007 870 3051 adducant
889 3007 934 3050 Β
1191 3007 1219 3050 9
1246 3019 1300 3050 ne
1425 3006 1451 3050 l.
1485 3009 1544 3049 10
1574 3005 1787 3049 delictum
1815 3019 1897 3049 om.
1930 3006 1976 3049 B

11 3069 13 3074 ’
64 3128 66 3131 ,
162 3079 220 3123 10
239 3080 319 3131 aut
339 3092 427 3135 qua
445 3079 526 3133 E1,
549 3080 638 3135 atq.
663 3079 709 3123 Β
935 3077 1190 3134 {aduersum
1214 3078 1260 3122 B
1507 3076 1741 3133 christum]
1765 3063 1863 3133 6ὖῖιῖ
1881 3077 1982 3122 LN

163 3151 218 3195 11
241 3149 451 3207 sanguini
471 3151 577 3197 ΒΜ
594 3150 830 3207 (sanguine
857 3149 913 3206 Q)
1099 3149 1251 3206 paruit
1270 3149 1333 3192 M
1349 3147 1545 3204 (parauit
1571 3147 1625 3204 Q)
1813 3148 1868 3191 12
1887 3147 2033 3192 dissu-

160 3234 288 3278 passe
309 3220 400 3278 NQ
597 3221 654 3265 14
673 3223 718 3266 et
739 3222 779 3265 si
798 3221 885 3278 ipsi
907 3220 1028 3278 E2Q,
1052 3222 1098 3265 et
1116 3220 1209 3277 ipsi
1229 3219 1508 3271 BE¹LMN,
1531 3218 1618 3262 etsi
1638 3233 1665 3264 v
1854 3232 1954 3262 cum
1974 3219 2031 3263 ad

161 3293 343 3338 ecclesia
362 3293 420 3338 N
596 3292 651 3336 16
671 3293 857 3338 ecclesia
877 3293 979 3337 LN
1157 3292 1211 3336 17
1232 3291 1350 3335 (116111
1373 3290 1418 3333 Β
1589 3289 1644 3333 18
1665 3291 1950 3346 expectentur
1970 3290 2027 3344 L,

161 3366 447 3420 expectantur
469 3364 514 3408 Β
710 3364 979 3421 perditiones
1006 3363 1044 3420 Q
1248 3363 1304 3407 21
1318 3360 1554 3404 ecclesiam
1576 3360 1709 3418 BLQ
1907 3362 1964 3406 22
1984 3363 2031 3406 et

161 3438 315 3480 contra
335 3449 370 3480 e.
393 3436 706 3480 steterint·om.
732 3436 881 3480 BLN
995 3435 1051 3479 24
1071 3434 1180 3478 haec
1201 3433 1256 3477 ad
1276 3444 1417 3488 usque
1436 3430 1498 3476 ad
1516 3431 1655 3485 finem
1676 3433 1772 3477 ecch.
1794 3433 2029 3490 Hierony·

162 3520 262 3551 mus
283 3507 403 3553 Adu.
427 3506 632 3560 Lucifer.
654 3520 699 3562 p.
722 3508 815 3551 304
833 3519 895 3563 sq.
990 3558 995 3564 ⁸
1071 3506 1303 3550 scientiam
1326 3503 1370 3546 Β
