2332 3978
239 269 273 324 6
885 265 1130 314 Caecilii
1159 264 1431 323 Cypriani

238 397 517 451 crederem:
568 396 642 451 sic
674 396 820 450 uitiis
862 395 1251 450 adhaerentibus
1285 392 1630 448 obsecundans
1664 407 1802 446 eram
1816 433 1829 458 ‚
1876 393 2112 460 despera-

235 482 375 536 tione
409 482 679 535 meliorum
712 481 866 535 malis
903 481 1030 534 meis
1067 480 1209 533 uelut
1244 479 1350 532 iam
1383 478 1602 547 propriis
1646 493 1706 531 ac
1739 477 2026 532 uernaculis
2060 478 2114 532 et

235 566 490 622 fauebam.
542 568 631 621 sed
663 568 935 635 postquam
973 566 1137 619 undae
1172 563 1426 634 genetalis
1461 563 1652 617 auxilio
1688 563 1962 632 superioris
1997 562 2114 618 aeui

235 654 350 707 labe
376 654 574 706 detersa
597 653 652 705 in
677 653 935 720 expiatum
959 650 1137 719 pectus
1163 666 1222 703 ac
1246 666 1435 718 purum
1461 649 1677 717 desuper
1701 664 1754 702 se
1777 649 1954 703 lumen
1977 648 2113 702 infu-

235 739 338 803 dit,
377 741 648 807 postquam
674 738 887 791 caelitus
913 737 1100 805 spiritu
1118 736 1300 789 hausto
1326 736 1381 788 in
1404 749 1598 787 nouum
1622 750 1705 788 me
1723 735 1994 789 hominem
2018 751 2111 788 na·
2148 759 2167 791 ⁵

233 824 414 877 tiuitas
459 825 674 877 secunda
709 823 995 891 reparauit,
1022 823 1214 874 mirum
1238 822 1292 874 in
1316 821 1528 874 modum
1552 821 1787 888 protinus
1813 821 2111 875 confirmare

235 925 286 962 se
311 910 489 973 dubia,
530 911 700 976 patere
726 909 921 973 clausa,
961 908 1129 961 lucere
1154 908 1444 971 tenebrosa,
1483 905 1786 960 facultatem
1821 907 1941 960 dare
1977 907 2113 974 quod

232 995 374 1063 prius
400 994 607 1047 difficile
641 995 937 1058 uidebatur,
978 994 1086 1063 geri
1121 1008 1266 1060 posse
1304 994 1438 1059 quod
1474 992 1772 1060 inpossibile
1809 993 2107 1061 putabatur,

231 1082 291 1133 ut
316 1082 449 1133 esset
475 1095 744 1148 agnoscere
778 1081 1038 1132 terrenum
1063 1079 1218 1131 fuisse
1235 1119 1247 1143 ‚
1295 1079 1429 1145 quod
1453 1079 1596 1145 prius
1624 1079 1901 1131 carnaliter
1926 1079 2108 1132 natum

234 1167 433 1219 delictis
469 1166 740 1219 obnoxium
774 1166 996 1228 uiueret,
1036 1164 1132 1216 Dei
1167 1180 1275 1217 3333
1303 1163 1550 1230 coepisse,
1591 1164 1859 1231 quodiam
1885 1163 2108 1232 Spiritus
2128 1186 2167 1217 10

233 1254 434 1304 sanctus
460 1252 723 1304 animaret.
752 1251 849 1304 scis
869 1250 1095 1317 profecto
1117 1250 1168 1302 et
1186 1266 1389 1302 mecum
1413 1250 1605 1316 pariter
1625 1250 1958 1319 recognosciS,
1986 1251 2110 1318 quid

231 1337 507 1390 detraxerit
534 1337 678 1389 nobis
715 1336 901 1403 quidue
927 1335 1203 1388 contulerit
1227 1350 1365 1388 mors
1390 1335 1492 1390 ista
1519 1336 1794 1389 criminum
1810 1377 1822 1400 ,
1863 1337 1974 1389 uita
2000 1336 2108 1388 uir-

230 1423 416 1475 tutum.
459 1422 556 1475 scis
582 1423 713 1488 ipse,
753 1437 843 1474 nec
868 1422 1118 1489 praedico,
1159 1422 1213 1475 in
1237 1422 1467 1488 proprias
1493 1421 1672 1474 laudes
1699 1422 1872 1476 odiosa
1898 1422 2107 1476 iactatio

232 1509 332 1561 est:
373 1508 606 1574 quamuis
656 1522 755 1559 non
796 1508 1047 1560 iactatum
1091 1508 1254 1574 possit
1295 1523 1403 1560 esse
1443 1507 1532 1560 sed
1575 1509 1813 1576 gratum,
1864 1508 2107 1576 quicquid

230 1608 327 1645 non
353 1594 537 1645 uirtuti
570 1593 793 1645 hominis
830 1593 1164 1657 adscribitur,
1205 1594 1293 1645 sed
1318 1594 1379 1645 de
1405 1593 1503 1646 Dei
1529 1610 1737 1647 munere
1763 1594 2103 1662 praedicatur,
2122 1616 2161 1648 15

230 1679 287 1730 ut
324 1678 429 1730 iam
462 1694 561 1731 non
597 1695 801 1746 peccare
829 1695 935 1732 esse
975 1680 1195 1746 coeperit
1220 1679 1363 1744 fidei,
1403 1680 1536 1747 quod
1573 1682 1691 1733 ante
1716 1681 1983 1748 peccatum
2010 1682 2103 1745 est,

230 1764 384 1817 fuerit
410 1765 590 1817 erroris
616 1765 842 1817 humani.
881 1766 978 1818 Dei
1005 1767 1107 1830 est,
1147 1766 1375 1833 inquam,
1416 1766 1512 1818 Dei
1539 1782 1715 1831 omne,
1766 1767 1900 1834 quod
1925 1782 2105 1834 possu-

230 1866 361 1902 111113.
400 1851 518 1903 111113
544 1851 795 1915 111111111113,
836 1851 952 1903 111113
978 1852 1259 1919 pollemuS,
1299 1851 1418 1905 inde
1445 1853 1653 1920 sumpto
1681 1854 1732 1905 et
1759 1853 2000 1919 concepto
2028 1853 2108 1904 ui-

228 1951 348 2004 gore
374 1936 457 1988 hic
487 1937 650 1989 adhuc
680 1937 834 2003 positi
856 1937 1144 1990 futurorum
1165 1939 1353 1991 indicia
1380 1939 1785 2006 praenoscimus:
1817 1938 1885 1992 sit
1903 1939 2109 1991 tantum

228 2022 381 2074 timor
406 2023 718 2074 innocentiae
754 2024 946 2087 custOS,
986 2025 1045 2076 ut
1081 2024 1168 2091 qui
1204 2025 1258 2076 in
1284 2027 1480 2077 mentes
1516 2026 1716 2078 nostras
1756 2025 2107 2093 indulgentiae
2125 2045 2166 2078 20

230 2107 459 2160 caelestis
487 2108 700 2176 adlapsu
723 2109 997 2161 clementer
1023 2110 1274 2162 Dominus
1300 2110 1519 2177 influxit,
1547 2111 1602 2163 in
1622 2111 1782 2163 animi
1803 2110 2105 2164 oblectantis

315 2272 337 2316 1
372 2271 451 2327 sio]
473 2272 612 2327 signis
635 2273 679 2315 P
783 2275 826 2315 et
846 2273 1147 2330 desperatione
1168 2288 1194 2318 υ
1315 2276 1343 2321 2
1375 2275 1518 2319 ueluti
1538 2291 1564 2320 v
1699 2275 1947 2323 uessnaculis
1977 2276 2021 2319 P

228 2344 270 2384 et
287 2342 488 2385 fauebam
509 2344 578 2394 W,
610 2343 849 2387 effauebam
862 2345 974 2397 ΜΒ,
994 2345 1197 2389 fauebam
1210 2347 1291 2399 Pr,
1310 2347 1804 2399 offauebamBaluzius,
1840 2346 2105 2391 adfauebam

225 2427 250 2456 v
271 2419 312 2456 et
334 2415 524 2470 Auyust.
551 2415 575 2457 l.
597 2429 630 2458 c.
721 2415 749 2460 3
781 2415 941 2472 undae]
964 2416 1117 2460 mundi
1138 2418 1198 2461 M
1280 2419 1494 2474 genitalis
1524 2419 1629 2462 WP
1705 2419 1738 2464 4
1770 2432 1971 2462 serenum
1993 2418 2098 2462 add.

219 2491 322 2540 post
342 2488 492 2541 pectus
505 2487 727 2530 Baluzius
815 2488 842 2532 6
859 2494 965 2544 post
985 2490 1211 2545 reparauit
1233 2490 1403 2535 desinit
1423 2492 1475 2534 in
1495 2491 1558 2534 M
1569 2492 1885 2547 apoyraphum
1903 2492 2103 2546 primum

226 2557 357 2612 (Ml),
390 2559 594 2613 sequitur
624 2560 759 2602 alteri
789 2562 1054 2616 apoyrapho
1078 2563 1383 2617 praemissum
1422 2563 1680 2618 epistolium
1710 2563 1827 2606 illud
1867 2563 2101 2618 ficticium,

224 2628 341 2683 quod
372 2642 394 2671 e
423 2630 572 2673 codice
609 2630 931 2675 Cambronensi
957 2634 1134 2687 primus
1156 2634 1301 2678 edidit
1324 2636 1582 2678 Pamelius:
1617 2647 1829 2678 DONATUS
1866 2647 2100 2678 CYPRIANO

224 2711 371 2742 emmo
403 2714 457 2743 ri:
488 2701 677 2745 retinere
701 2704 977 2747 sanctissime
999 2705 1237 2761 Cypriane,
1271 2720 1382 2763 quae
1414 2707 1540 2750 nobis
1570 2707 1711 2750 fuerit
1745 2707 1861 2763 apud
1882 2709 2100 2750 oratorem

224 2771 436 2826 (oratores
473 2774 513 2827 v)
550 2774 814 2829 garrulitas,
846 2790 958 2818 unus
992 2790 1165 2830 sensus,
1200 2791 1286 2821 una
1308 2779 1543 2835 cogitatio,
1577 2779 1810 2823 indiuidua
1848 2779 1980 2822 lectio
2016 2779 2100 2835 (di-

224 2841 356 2886 lectio
378 2844 632 2901 Balzczias).
665 2845 806 2898 Quare
828 2861 913 2890 non
944 2849 988 2890 et
1016 2848 1062 2891 in
1092 2849 1245 2892 diuina
1281 2850 1469 2894 lectione
1506 2851 1573 2894 ita
1613 2851 1775 2894 animis
1810 2850 2098 2894 roboramur?

225 2916 304 2957 aut
321 2927 404 2956 non
428 2928 478 2957 ea
501 2930 670 2971 semper
688 2918 812 2960 nobis
835 2918 922 2961 fuit
940 2919 1169 2974 cogitatio,
1194 2921 1310 2965 sieut
1325 2922 1619 2978 promittebas
1636 2922 2023 2979 (promittebamus
2040 2923 2096 2978 v),

226 2985 274 3027 ut
296 2984 427 3027 simul
449 2986 717 3030 crederemus
820 2992 1055 3045 caeperunt
1076 2992 1330 3036 confirmare
1352 2994 1455 3036 ΜΒ
1563 2996 1591 3041 7
1625 3008 1669 3038 33
1691 3008 1771 3038 om.
1795 2994 1854 3037 M
1958 2993 1987 3039 9
2020 3007 2096 3049 ag-

223 3056 343 3098 nosci
363 3057 423 3099 M
517 3058 577 3102 10
610 3059 789 3102 deiectis
812 3061 906 3113 M1,
947 3062 1123 3106 dilectis
1146 3065 1208 3107 Ρι
1318 3067 1375 3111 11
1410 3053 1512 3111 sci}
1521 3069 1565 3111 P
1670 3068 1756 3111 scis
1791 3067 1886 3123 ipse
1922 3065 2011 3109 Bv

224 3139 501 3182 recognosces
523 3130 583 3172 Μ
587 3134 594 3156 ¹
712 3131 771 3175 13
802 3132 973 3187 predico
995 3134 1042 3176 in
1062 3136 1262 3191 proprias
1282 3137 1447 3183 13111133.
1481 3140 1637 3184 001033
1658 3153 1683 3183 r
1788 3139 1849 3185 14
1880 3137 2097 3194 quidquid

226 3197 295 3241 Pv
384 3199 443 3245 15
474 3200 650 3255 uirtuti]
673 3202 835 3245 uirium
858 3204 902 3246 B
1007 3204 1059 3248 de
1082 3219 1161 3249 om.
1187 3207 1245 3250 M
1346 3209 1413 3252 (1.1
1435 3211 1480 3254 Ρ
1589 3211 1648 3257 16
1679 3225 1820 3266 super
1840 3212 1891 3254 ut
1908 3211 2021 3253 Pm.
2040 3211 2093 3253 2:

225 3267 338 3323 quod
425 3283 508 3312 non
530 3284 609 3314 om.
638 3272 699 3315 W
781 3287 874 3316 esse
896 3287 975 3318 om.
1001 3276 1046 3318 P
1131 3279 1299 3333 ceperit
1326 3281 1389 3324 W
1464 3281 1524 3327 17
1557 3284 1625 3325 est
1646 3295 1770 3326 omne
1791 3296 1818 3326 v
1898 3282 1958 3328 18
1992 3280 2093 3324 inde

222 3339 436 3394 pollemus
472 3356 551 3385 om.
593 3343 653 3385 M
754 3344 936 3413 uiguore
964 3346 1008 3388 B
1117 3348 1181 3393 20
1212 3349 1289 3405 qui
1317 3351 1575 3396 WVPBM
1578 3357 1587 3380 ¹
1607 3387 1616 3405 ,
1650 3354 1754 3409 quia
1776 3353 1881 3405 1¹12,
1915 3352 2030 3408 quod
2048 3366 2090 3407 v,

223 3408 423 3453 dominus
458 3412 534 3467 qui
571 3414 804 3458 Pamclius
906 3417 967 3462 21
1000 3418 1178 3462 influxit
1207 3421 1386 3475 WMB,
1433 3423 1614 3468 infulsit
1636 3425 1746 3477 PV,
1788 3424 1953 3468 inluxit
1988 3423 2090 3467 Mo-

223 3481 380 3525 rellius
466 3484 610 3527 animo
640 3485 716 3537 W,
749 3486 909 3529 animis
930 3487 991 3531 M
999 3493 1008 3515 ¹
1102 3489 1374 3536 oblectantes
1396 3494 1459 3537 P¹
