2332 3978
630 255 897 314 Epistula
926 256 1396 302 XXVI.—XXVII.
1635 220 1648 228 N
1931 261 2034 315 541

157 387 368 457 quidem
411 385 610 440 calidus
646 386 698 439 et
733 385 930 439 uirtute
971 384 1216 439 robustus
1260 386 1350 439 sed
1393 386 1522 439 bene
1562 387 1734 440 minus
1778 387 2039 442 dominica

155 473 374 527 lectione
411 472 673 537 fundatus,
715 472 968 540 quaedam
1006 472 1216 524 conatus
1243 472 1322 525 est
1346 472 1584 539 inperite,
1624 473 1731 526 iam
1757 474 1959 542 pridem
1985 490 2040 528 se

156 559 417 613 auctorem
443 557 778 622 constituenS‚
812 557 872 610 ut
896 573 1053 610 manu
1079 557 1188 610 eius
1214 557 1394 624 scripti
1419 558 1588 611 libelli
1614 560 1872 628 gregatim
1898 561 2039 613 mul·
2099 611 2105 621 ,

154 645 224 698 tis
260 644 465 697 nomine
499 643 655 696 Pauli
700 643 961 711 darentur,
1007 657 1124 696 cum
1150 642 1473 711 Mappalicus
1518 645 1718 712 martyr
1761 647 1944 698 cautus
1987 646 2040 698 et

0 707 9 780 {¹
36 719 49 726 ”
121 743 140 776 ⁵
155 728 489 798 uerecunduS‚
516 729 650 798 legis
670 743 730 782 ac
750 728 1054 797 disciplinae
1072 743 1285 797 memor,
1313 728 1486 782 nullas
1508 730 1684 782 contra
1703 731 2037 800 euangelium

153 816 359 870 litteras
384 815 578 884 fecerit,
615 815 704 869 sed
729 815 937 868 tantum
962 815 1244 868 domestica
1267 815 1463 884 pietate
1490 816 1776 869 commotus
1801 817 1961 870 matri
1986 818 2041 870 et

155 902 315 956 sorori
352 916 472 955 suae
507 916 637 968 quae
670 900 843 968 lapsae
878 900 1084 954 fuerant
1117 900 1448 954 mandauerit
1481 916 1662 969 pacem
1690 901 1817 966 dari,
1860 900 2040 955 Satur-

154 988 307 1041 ninus
342 1002 544 1055 quoque
577 987 696 1055 post
729 987 989 1040 tormenta
1023 987 1192 1041 adhuc
1217 987 1273 1039 in
1300 1002 1498 1041 carcere
1525 987 1842 1041 constitutus
1866 988 2043 1041 nullas

157 1073 409 1128 eiusmodi
442 1073 647 1127 litteras
673 1072 921 1127 emiserit.
958 1068 1220 1127 Lucianus
1246 1087 1368 1127 uero
1395 1087 1496 1126 non
1521 1073 1733 1126 tantum
1758 1072 1922 1126 Paulo
1948 1072 2042 1125 ad-

96 1173 140 1207 10
154 1160 255 1213 huc
288 1160 344 1212 in
378 1174 578 1213 carcere
620 1159 787 1226 posito
832 1159 1039 1212 nomine
1080 1159 1190 1212 eius
1231 1159 1441 1213 libellos
1484 1175 1643 1212 manu
1686 1175 1780 1212 sua
1824 1158 2044 1226 scriptos

156 1247 350 1317 passim
385 1245 555 1311 dedit‚·
585 1245 675 1298 sed
702 1245 897 1314 etpost
933 1244 1043 1299 eius
1079 1260 1344 1299 excessum
1381 1245 1560 1298 eadem
1595 1244 1762 1298 facere
1796 1244 1892 1297 sub
1932 1244 2044 1298 eius

155 1332 361 1387 nomine
400 1332 770 1401 perseuerauit,
811 1331 984 1385 dicens
1024 1330 1121 1384 hoc
1159 1331 1260 1385 sibi
1285 1331 1349 1384 ab
1376 1331 1471 1383 illo
1506 1346 1616 1384 esse
1657 1330 1965 1384 mandatum
1991 1330 2045 1383 et

155 1419 384 1472 nesciens
410 1418 634 1471 Domino
671 1417 841 1486 magis
878 1433 1036 1485 quam
1071 1432 1314 1471 conseruo
1340 1417 1817 1489 obtemperandum.
1859 1416 2045 1470 Aureli

158 1520 358 1573 quoque
394 1503 741 1557 adulescentis
777 1504 1040 1557 tormenta
1070 1503 1301 1572 perpessi
1326 1503 1532 1556 nomine
1556 1503 1725 1556 libelli
1750 1503 1906 1557 multi
1932 1502 2044 1556 dati

100 1603 140 1635 1⁵
158 1591 280 1644 sunt
306 1590 537 1644 eiusdem
557 1589 779 1643 Luciani
804 1605 964 1643 manu
989 1590 1188 1658 scripti,
1218 1589 1355 1657 quod
1378 1589 1583 1642 litteras
1608 1589 1700 1643 ille
1724 1604 1822 1642 non
1852 1590 2043 1642 nosset.

229 1675 324 1729 Cui
358 1677 433 1729 rei
458 1677 519 1730 ut
544 1676 870 1744 aliquantum
906 1677 1080 1744 posset
1118 1676 1320 1741 obsisti,
1359 1675 1566 1729 litteras
1593 1677 1659 1729 ad
1685 1690 1768 1729 eos
1794 1675 1894 1729 feci
1919 1690 2044 1745 quas
2064 1685 2095 1735 2

161 1761 226 1815 ad
261 1777 355 1815 uos
393 1762 488 1815 sub
525 1761 745 1830 epistola
784 1762 953 1830 priore
992 1761 1278 1826 transmisi,
1326 1762 1513 1829 quibus
1554 1763 1726 1829 petere
1753 1763 1806 1815 et
1831 1761 2045 1815 suadere

161 1861 262 1901 non
298 1847 480 1902 destiti
505 1849 566 1901 ut
592 1847 882 1902 dominicae
917 1848 1050 1918 legis
1078 1850 1131 1902 et
1157 1848 1414 1918 euangelii
1449 1848 1584 1902 ratio
1610 1848 1887 1902 teneretur.
1929 1848 2048 1915 post

251 2090 277 2132 1
300 2089 481 2145 quidem
501 2102 584 2134 om.
605 2103 645 2147 z,
668 2091 746 2147 qui
767 2091 813 2135 et
832 2103 858 2135 r
974 2091 1165 2136 callidus
1194 2090 1274 2134 TZ
1387 2092 1498 2135 bene
1521 2104 1604 2135 om.
1627 2091 1780 2147 Zznrv
1914 2090 1942 2134 2
1962 2090 2049 2134 lec-

21 2175 24 2185 *
63 2166 68 2170 ”
160 2160 328 2205 tionem
355 2161 406 2215 T,
427 2161 669 2207 dilectione
689 2175 715 2207 z
859 2162 1052 2219 quadam
1073 2176 1110 2218 z,
1134 2163 1241 2219 quia
1261 2163 1314 2207 de
1338 2176 1386 2207 eo
1409 2180 1455 2220 μ,
1479 2163 1557 2219 qui
1577 2162 1630 2207 de
1652 2175 1700 2206 eo
1721 2175 1758 2215 r,
1796 2162 1875 2218 qui
1896 2163 2051 2206 contra

163 2218 274 2276 <iffi
288 2233 331 2276 Z
462 2234 656 2291 inperite
682 2235 816 2292 ΤῙῙφ,
845 2235 1087 2291 inperitate
1108 2248 1143 2288 z,
1172 2235 1373 2292 imperiti
1395 2248 1494 2291 μ’νυ,
1516 2234 1746 2291 imperitia
1766 2234 1808 2277 Z
1938 2233 2048 2290 iam]

164 2317 246 2348 sua
264 2306 318 2361 Z,
341 2318 423 2350 om.
447 2319 474 2350 r
635 2306 809 2364 pridem
831 2320 912 2352 om.
943 2307 1010 2352 Vr
1174 2321 1220 2351 se
1252 2308 1404 2365 Vqu),
1442 2321 1486 2351 se
1506 2307 1636 2364 uulgi
1656 2320 1755 2362 μ’νυ,
1785 2319 1870 2350 om.
1898 2305 1941 2349 T

96 2423 101 2433 x
162 2376 192 2420 3
216 2371 418 2422 auctores
448 2380 498 2432 T,
520 2380 700 2423 auctore
720 2380 765 2423 Z
890 2379 1073 2423 libellus
1095 2380 1290 2436 scriptus
1311 2392 1349 2436 z,
1371 2379 1520 2423 libelli
1541 2379 1745 2435 scrupulo
1767 2378 1809 2421 Z
1934 2377 2051 2420 mul-

162 2447 245 2506 tis]
280 2452 422 2494 rustis
452 2451 503 2504 Z,
546 2452 687 2495 ructis
723 2468 755 2508 μ
789 2451 869 2496 sed
902 2451 1063 2495 tinctis
1098 2466 1154 2496 m.
1191 2454 1221 2498 2
1254 2452 1308 2496 in
1342 2464 1500 2509 mary„
1541 2449 1713 2494 cunctis
1749 2462 1775 2493 r
1936 2448 1967 2493 4
2001 2448 2052 2492 in

163 2521 342 2566 nomine
363 2522 404 2566 Z
545 2522 728 2567 daretur
748 2524 813 2567 Zz
957 2524 1133 2581 cautus]
1164 2524 1343 2568 coactus
1364 2523 1408 2566 Z
1548 2522 1575 2566 5
1596 2521 1666 2578 ac]
1688 2522 1734 2565 et
1753 2534 1778 2565 z
1923 2522 1950 2564 6
1973 2519 2051 2564 sed

164 2604 246 2637 om.
269 2607 294 2638 z
418 2605 420 2607 ·
439 2595 485 2639 et
505 2595 645 2640 sorori
666 2608 749 2640 om.
771 2596 924 2653 Zzprv
1085 2596 1110 2639 7
1132 2595 1285 2653 elapsa
1305 2608 1343 2651 z,
1363 2595 1493 2651 lapsa
1513 2595 1641 2652 Ζμνυ
1794 2592 1976 2636 fuerunt
1997 2607 2048 2649 φ,

162 2663 311 2710 fuerat
330 2667 485 2723 sz‘v
617 2667 912 2713 mandauerat
932 2685 965 2726 μ
1110 2668 1138 2711 8
1159 2681 1332 2724 quoque
1353 2680 1434 2711 om.
1455 2679 1481 2711 z
1617 2665 1761 2709 adhuc
1780 2665 1830 2710 in
1849 2677 1930 2709 om.
1953 2664 1996 2707 Z

164 2748 384 2781 carcerem
410 2738 497 2794 Τφ,
519 2739 709 2783 carceris
729 2739 774 2783 Z
898 2739 1050 2784 nullus
1071 2739 1138 2783 Zr
1266 2739 1294 2783 9
1314 2737 1572 2782 huiusmodi
1593 2751 1664 2795 μν,
1687 2737 1781 2781 61118
1801 2750 1825 2781 z
1940 2735 2051 2780 emi-

164 2808 305 2852 serint
328 2810 376 2862 T,
397 2809 551 2854 emisit
571 2824 646 2868 μν,
667 2811 844 2855 miserit
861 2823 887 2857 z
1016 2811 1072 2855 10
1091 2823 1310 2856 carcerem
1331 2811 1372 2854 Z
1499 2810 1549 2854 in
1569 2810 1744 2854 nomine
1765 2809 1806 2853 Z
1934 2807 2051 2863 eius]

164 2878 290 2924 illius
310 2880 436 2938 Zzpv
564 2881 713 2927 libelli
732 2896 793 2940 μν
909 2896 990 2927 sua
1011 2896 1094 2928 om.
1117 2896 1178 2939 w·
1304 2881 1579 2938 subscriptos
1601 2881 1651 2935 Z,
1674 2881 1912 2938 rescriptas
1933 2893 1992 2937 μω·

163 2951 220 2995 11
239 2953 424 3010 passim]
443 2962 598 3011 pacem
617 2955 661 2998 Z
792 2955 847 2999 12
867 2955 1061 3012 nomine]
1083 2955 1203 3000 modi
1223 2954 1450 3000 occasione
1471 2967 1532 3011 μν
1665 2952 1970 3010 perseuerabit
1996 2952 2050 3007 T,

163 3027 517 3079 perseuerauerit
536 3039 564 3070 r
728 3040 823 3072 esse
843 3040 926 3072 om.
947 3041 976 3073 v
1135 3029 1181 3072 et
1201 3039 1283 3072 om.
1305 3040 1421 3085 euro
1586 3025 1641 3069 13
1661 3025 1889 3070 dominum
1914 3024 1995 3068 TZ

165 3106 299 3151 quam
319 3097 542 3155 conseruo]
573 3111 700 3143 seruo
715 3099 760 3143 Z
872 3100 952 3143 aut
970 3100 1141 3156 relique
1165 3112 1250 3155 que
1271 3098 1315 3142 Z
1441 3098 1496 3141 14
1516 3097 1735 3142 adulescis
1755 3098 1935 3142 nomine
1955 3097 1996 3141 Z

91 3166 93 3168 ’
164 3179 392 3225 perpessos
414 3170 465 3224 Z,
501 3169 691 3227 professi
710 3183 736 3215 z
898 3171 1094 3228 nomine]
1130 3183 1333 3242 nonneg
1498 3182 1577 3225 pro
1611 3170 1769 3213 multis
1791 3186 1823 3225 μ
1858 3168 1938 3213 sed
1972 3179 2052 3223 pro

165 3251 199 3284 8.
218 3239 246 3284 l.
267 3253 322 3284 m.
340 3243 387 3297 2,
422 3241 583 3286 multis
603 3255 630 3286 r
795 3243 852 3287 15
887 3242 1099 3300 eiusdem]
1139 3244 1327 3289 eiusmoi
1347 3256 1420 3300 μν,
1456 3243 1550 3287 61118
1571 3242 1616 3286 Ζ
1771 3253 1906 3284 manu
1942 3238 2049 3283 sub-

168 3311 328 3369 scripti
347 3312 400 3365 Z,
419 3311 568 3357 minus
589 3314 750 3371 scripsi
774 3316 816 3358 T
968 3315 1074 3373 non]
1096 3328 1151 3359 ne
1171 3316 1211 3359 Z
1375 3315 1429 3358 16
1451 3312 1784 3371 aliquantulum
1806 3328 1858 3368 φ,
1878 3310 2051 3367 aliqua-

165 3382 296 3427 tenus
311 3383 464 3446 Ζεμγυ
579 3374 634 3428 17
655 3385 817 3443 1111016]
840 3385 894 3431 ad
915 3399 995 3431 uos
1013 3402 1050 3443 φ
1168 3387 1223 3431 18
1244 3387 1313 3444 ut]
1336 3386 1400 3430 sic
1419 3399 1445 3430 r
1561 3386 1607 3429 et
1626 3397 1710 3430 om.
1729 3399 1766 3439 φ
1884 3394 2050 3426 euuan-

166 3453 309 3510 gelice
328 3454 589 3500 tradicionis
609 3456 850 3515 disciplina
869 3458 912 3502 Z
1078 3459 1182 3515 post
1202 3471 1336 3516 quam
1357 3458 1470 3516 Ζμν,
1494 3458 1543 3501 at
1564 3457 1666 3514 post
1686 3467 1819 3512 quam
1840 3453 1897 3498 ad
1917 3466 1990 3497 eos
2008 3465 2047 3511 z,

166 3527 269 3582 post
288 3538 423 3583 quam
443 3540 548 3572 uero
569 3527 627 3572 ad
648 3541 720 3573 eos
740 3541 768 3574 υ
